3117 5025
576 415 751 484 1854
1223 431 1285 480 J.
1328 429 1541 480 cassi
1590 428 2130 480 courum-unu

576 582 790 646 civium
829 583 1171 656 reverentia,
1210 592 1379 645 tanto
1426 584 1665 655 honore,
1709 584 1880 663 quasi
1922 603 2045 644 non
2080 586 2153 646 ad
2201 582 2529 647 domandos
2567 582 2669 643 sed
2710 583 2791 644 ad

575 683 906 743 liberandos
946 682 1314 743 advenisset:
1370 682 1458 743 sic
1507 681 1638 743 ⁵'ab
1691 683 1850 743 initis
1903 685 2097 755 armis,
2152 693 2215 745 et
2260 683 2320 743 id
2375 702 2559 762 genus
2615 681 2796 741 vestis

574 779 783 853 induti,
813 802 928 859 qua
957 783 1191 861 placare
1210 782 1386 843 iratos
1413 781 1709 852 dominos,
1737 782 2087 860 precarique
2107 784 2336 843 veniam
2365 779 2678 850 solebant:
2730 788 2796 839 et

574 879 826 939 serentes
866 899 1052 951 sacra,
1097 879 1268 957 qnasi
1315 881 1448 938 Deo
1486 878 1748 958 cuipiam
1803 878 2037 939 obviam
2073 880 2303 959 egressi,
2341 897 2523 958 seque
2565 885 2629 937 et
2682 893 2790 936 sua

575 974 896 1054 urbemque
949 975 1138 1054 ipsam
1182 975 1238 1035 ei
1277 975 1573 1054 supplices
1621 973 1933 1036 dedidere:
2001 985 2169 1036 tanto
2215 977 2457 1054 insuper
2498 973 2809 1054 ⁵‘'gimdio,·

574 1070 789 1132 ducem
819 1091 989 1132 snum
1030 1093 1063 1131 e
1108 1081 1198 1133 tot
1223 1071 1765 1151 insidiis-tantisque
1794 1073 2070 1151 periculis
2097 1093 2234 1134 cum
2279 1073 2466 1133 salute
2506 1081 2565 1131 et
2605 1070 2796 1149 gloria

573 1169 823 1230 evasisse
850 1170 1232 1240 cernentium,
1261 1178 1327 1229 nt
1351 1169 1611 1246 undique
1641 1169 2006 1229 cumulatum
2042 1170 2171 1231 dies
2197 1171 2294 1231 ille
2316 1166 2794 1249 praestantissimo

573 1265 916 1345 imperatori
950 1266 1211 1326 fructum
1250 1264 1476 1326 virtutis
1508 1265 1768 1326 attulisse
1813 1266 2128 1329 videretur:
2177 1277 2304 1328 tum
2333 1267 2410 1326 de
2452 1284 2630 1344 regno
2668 1263 2791 1324 dis·

574 1363 843 1442 posuit:.
886 1364 1220 1446 veritusque
1275 1363 1418 1423 illud
1486 1363 1546 1422 in
1615 1364 1930 1442 provincia:
1984 1365 2235 1425 sormam
2306 1361 2655 1441 ⁵⁵redigisse,
2717 1381 2792 1423 ne
2892 1428 2896 1433 ,

579 1460 823 1538 quando
874 1462 1025 1523 forte
1069 1471 1314 1540 propter
1366 1461 1728 1540 opulentiam
1784 1462 2034 1542 regionis
2092 1483 2306 1543 praeses
2352 1458 2664 1550 animosior
2716 1477 2790 1518 eo

572 1559 783 1619 missus
831 1557 1230 1623 novandarum
1272 1578 1462 1618 rerum
1512 1560 1811 1620 materiam
1863 1561 2167 1633 inveniret,
2216 1560 2567 1639 Cleopatrae,
2614 1556 2812 1634 cujus·

575 1656 790 1718 blanda
809 1655 1235 1720 consuetudine
1264 1655 1595 1728 tenebatur,
1626 1665 1686 1716 et
1715 1658 1811 1716 cui
1839 1657 1977 1734 jure
2005 1659 2182 1718 etiam
2221 1657 2568 1731 debebatur,
2601 1654 2795 1717 ⁵⁶nec-

573 1752 717 1814 dum
773 1762 834 1814 et
887 1752 1095 1814 minori
1162 1753 1294 1829 ejus
1350 1752 1516 1812 fratri
1572 1763 1865 1832 sceptrum
1921 1754 2102 1826 dedit,
2161 1775 2342 1832 quum
2400 1756 2584 1835 major
2613 1754 2792 1814 *male

575 1853 832 1914 monitus
873 1853 1005 1929 ejus
1053 1851 1353 1912 audierat:
1422 1851 1705 1910 minorem
1762 1850 1940 1911 filiam
1995 1853 2282 1912 Arsinoen
2331 1873 2509 1932 regno
2562 1853 2791 1923 eduxit,

571 1971 645 2010 ne
672 1950 819 2011 sorte
846 1950 1024 2011 rebus
1068 1949 1265 2010 adhuc
1294 1949 1527 2021 teneris,
1557 1956 1849 2027 praetextu
1876 1948 2031 2008 illius
2058 1948 2289 2028 puellae,
2318 1950 2477 2028 quod
2498 1949 2790 2029 aliquam-

519 2053 525 2060 '
572 2046 678 2107 diu
718 2048 938 2108 fecerat
963 2045 1328 2116 Ganimides,
1355 2045 1493 2104 novi
1524 2055 1716 2105 motus
1742 2045 2052 2124 petatium
2081 2045 2399 2106 orirentur:
2447 2046 2675 2124 aliquot
2705 2046 2792 2106 ibi

575 2151 911 2226 5⁷praeterea
964 2142 1158 2221 liquit,
1202 2141 1385 2220 idque
1433 2140 1555 2202 alto
1608 2141 1871 2214 consilio,
1913 2151 1979 2201 ut
2024 2141 2185 2219 quod
2225 2149 2507 2201 statuerat
2552 2141 2788 2203 firmum

572 2253 749 2314 esset,
805 2240 968 2321 quod
1022 2259 1132 2300 nec
1188 2233 1508 2316 antiquitas
1556 2239 1794 2319 ⁵⁸puris,
1833 2259 1946 2299 nec
2008 2239 2228 2299 civium
2273 2259 2437 2299 amor
2490 2239 2792 2300 Caesarem

573 2340 907 2403 amantibus
930 2345 1204 2417 proestare
1225 2331 1489 2416 poterat:
1533 2346 1594 2399 et
1615 2336 1934 2415 gloriosum
1952 2345 2108 2402 esset
2125 2335 2348 2396 nomini
2368 2338 2791 2410 Romanorum,

576 2458 745 2518 reges
770 2436 847 2497 ab
876 2436 960 2496 eis
990 2434 1114 2495 ⁵⁹fit
1141 2454 1463 2514 eorumque
1491 2454 1616 2514 prae
1654 2433 1856 2506 teneri,
1884 2433 1932 2494 si
1959 2434 2019 2494 in
2048 2434 2168 2494 fide
2208 2433 2549 2494 mansissent
2566 2455 2585 2505 ι
2643 2434 2788 2494 alio·

578 2536 721 2616 quin
736 2555 905 2615 posse
925 2534 973 2593 si
992 2533 1376 2594 rebellassent
1394 2532 1652 2593 eisdem
1637 2532 1774 2611 ipsis
1787 2533 1961 2609 [220]
1984 2551 2118 2610 quae
2138 2530 2213 2590 ad
2235 2551 2436 2591 eorum
2458 2530 2789 2595 custodiam

573 2633 715 2694 data
740 2642 909 2693 erant
930 2632 1159 2693 auxiliis
1180 2630 1481 2695 contineri.
1566 2633 1643 2695 Et
1670 2638 1964 2711 gestorum
1991 2650 2100 2710 per
2125 2630 2458 2691 Caesarem
2443 2649 2501 2689 in
2528 2630 2789 2709 AEgypto

576 2731 709 2792 haec
738 2730 798 2792 ni
823 2730 996 2792 fallor
1022 2749 1246 2791 summa
1274 2738 1383 2789 est.

656 2830 742 2888 Ex
764 2829 1018 2908 AEgypto
1042 2826 1284 2887 Caesar
1270 2846 1328 2885 m
1352 2824 1574 2904 Syriam
1603 2824 1762 2885 venit
1781 2824 1855 2884 ad
1883 2824 2145 2884 laborem
2165 2830 2336 2882 natus
2362 2841 2472 2883 nec
2489 2820 2786 2885 &caesare

573 2925 762 2986 sciens
799 2945 911 2987 nec
939 2924 1270 3002 quiescere:
1317 2930 1553 2982 euntem
1583 2920 1771 2981 nuntii
1797 2941 1867 2981 ex
1909 2921 2078 2981 ltalia
2117 2929 2520 2998 assequuntur,
2551 2919 2788 2983 litterae*

575 3042 693 3101 que
715 3022 906 3082 Roma
928 3019 1174 3082 reddita:
1198 3041 1213 3079 :
1261 3017 1522 3078 omnium
1545 3017 1828 3078 sententia
1859 3037 1974 3077 nna
1999 3026 2144 3088 erat,
2173 3014 2360 3079 multa
2384 3024 2446 3076 et
2468 3014 2706 3077 inurbe
2724 3026 2806 3078 et·

576 3117 636 3177 in
661 3115 943 3179 ⁶¹1taliam
973 3135 1272 3195 perperam
1301 3115 1430 3193 agi3
1475 3114 1637 3194 qnod
1680 3133 1832 3193 pene
1869 3112 2614 3174 ⁶²necessarieabsentibus
2641 3133 2784 3174 con-

574 3213 800 3273 sulibus
828 3233 900 3273 ac
920 3221 1122 3273 senatu
1145 3233 1161 3280 ς
1203 3208 1442 3271 ⁶³multa
1471 3212 1694 3290 populo
1711 3231 1817 3289 per
1838 3210 2103 3271 tribunos
2125 3209 2372 3271 militum
2402 3210 2783 3283 contentiose,

575 3310 843 3382 misltain
868 3309 1128 3371 exercitu
1156 3307 1460 3373 ambitiose
1487 3317 1665 3387 atque
1699 3309 1903 3387 ignave
1939 3328 2046 3387 per
2074 3308 2338 3369 tribunos
2366 3307 2611 3369 militnm
2642 3328 2807 3371 non-.

572 3407 764 3467 nullos
818 3426 889 3467 ac
941 3404 1255 3486 praefectos
1309 3404 1626 3483 legionum,
1682 3412 2003 3482 contraque
2055 3404 2423 3483 disciplinam
2479 3404 2700 3467 militiae
2746 3426 2808 3467 a:

573 3503 901 3583 majoribus,
924 3505 1287 3564 institutam:
1328 3503 1648 3581 exquibus
1678 3520 2089 3567 unumcmnes
2114 3501 2568 3575 concludebant,
2584 3522 2810 3566 neces··

575 3604 795 3667 sarium
812 3603 943 3682 ejus
969 3602 1246 3671 reditum,
1272 3599 1778 3679 necessariamque
1797 3599 2200 3678 praesentiam:
2232 3600 2447 3679 quibus
2471 3600 2646 3661 rebus
2674 3602 2804 3663 etsi.

573 3702 782 3762 merito
810 3708 1162 3770 moneretur,
1190 3697 1440 3777 primum
1471 3703 1664 3755 tamen
1690 3696 2099 3770 arbitrabatur,
2138 3716 2235 3759 eas
2266 3706 2467 3770 terras,
2499 3697 2601 3761 uhi
2636 3709 2807 3765 tune,

576 3806 721 3869 erat,
751 3795 1041 3868 ordinare,
1074 3806 1139 3856 ut
1182 3792 1523 3873 tranquillas
1547 3801 1612 3852 et
1639 3793 1882 3873 imperio
1918 3796 2312 3875 obsequentes
2339 3794 2681 3869 dimitteret,
2709 3818 2802 3861 ne.

571 3892 829 3955 diversos
877 3903 1045 3953 actus
1083 3889 1458 3962 inculcando,
1512 3899 1782 3951 nentrum
1837 3892 2447 3955 consummaret01d
2490 3912 2629 3954 vero
2653 3891 2781 3955 ⁶⁴ne

640 4058 703 4103 68
723 4054 900 4116 Forte,
920 4053 1127 4114 abjectis.
1136 4057 1258 4103 —54
1280 4052 1454 4116 Adde,
1469 4067 1658 4104 uorum
1660 4060 1802 4105 .-55
1823 4056 1980 4120 Lege,
1996 4056 2232 4129 redigere.
2236 4061 2365 4107 ——56
2378 4057 2554 4120 Forte,
2570 4072 2656 4108 nec
2671 4073 2780 4108 m.

572 4138 699 4184 -57
725 4135 912 4197 Deest,
926 4134 1150 4196 legionen.
1151 4138 1281 4185 -58
1318 4136 1474 4200 Lege,
1487 4136 1667 4199 pueris,
1669 4141 1799 4187 —59
1834 4137 2011 4201 Forte,
2029 4137 2272 4202 constitui,
2287 4153 2530 4203 eorumque
2541 4139 2782 4203 prandii-¹

574 4215 742 4265 teneri.
743 4219 873 4269 —60
909 4217 1085 4278 Forte,
1122 4219 1298 4271 cedere.
1299 4222 1425 4268 -61
1472 4219 1632 4281 Lege,
1660 4217 1807 4268 Italia
1809 4222 1956 4270 .—-62
1994 4220 2156 4290 Lege,
2187 4219 2493 4270 mamintus
2526 4224 2649 4273 σα.
2650 4222 2780 4270 —68

576 4297 738 4362 Lege,
755 4297 904 4348 multa
924 4312 954 4346 «ι
967 4297 1284 4362 ,πραεῖα-64
1306 4297 1531 4349 Videtur
1550 4298 1926 4366 delendum,ne
1866 4314 1940 4353 ne.
