3117 5025
1043 444 1361 511 norum
1406 446 1732 505 sunm·
2308 414 2485 509 2⁰13

365 590 766 667 Curionum.
835 590 922 667 In
963 598 1232 665 Notitia
1273 594 1806 676 Provinciamm,
1850 602 1923 665 et
1962 598 2035 664 in
2074 596 2248 669 libro
2293 596 2485 667 Fisei

285 696 555 771 Romani
584 704 1032 773 Coriosolitae.
1109 701 1536 770 Comouaille.

359 802 749 873 Eburovices.
779 804 1096 872 I’Evesclu‘e
1123 806 1188 870 d’
1195 806 1448 872 Eur-eux
1475 829 1551 872 en
1588 803 1989 876 Normandie.

358 906 616 981 Elaver.
669 908 909 978 Aufer.
999 911 1247 995 Ingens
1272 913 1541 989 fluvius,
1572 913 1687 998 qui
1715 912 1932 995 Ligeri
1960 912 2317 997 excipitur.

356 1009 656 1083 Elusates.
745 1014 860 1083 lta
899 1014 1271 1098 legendum,
1319 1035 1456 1081 non
1514 1010 1844 1083 Etmanes.
1934 1014 2110 1080 Vide
2165 1016 2483 1083 lectiones

275 1112 711 1183 Ausonianas.
797 1112 903 1179 La
937 1113 1090 1181 ville
1115 1114 1350 1182 εἷ’-Εωε
1380 1137 1456 1181 en
1495 1115 1848 1204 Gascogne.
1938 1116 2123 1185 Hinc
2166 1118 2483 1189 oriundus

277 1224 404 1285 erat
429 1217 739 1285 Ruffinus
783 1219 897 1284 ille
940 1224 1320 1305 praepotens
1361 1220 1710 1286 insidiator
1753 1221 2019 1306 imperii
2058 1219 2368 1300 Romani,
2412 1222 2482 1291 in

277 1337 462 1405 quem
483 1329 719 1389 extant
744 1322 879 1388 duo
901 1325 1318 1403 στηλιτευτικοὶ
1340 1321 1659 1408 poemata
1685 1322 2060 1393 claudiani.
2118 1323 2236 1395 -In
2262 1330 2479 1451 priore

275 1420 363 1499 ila
388 1424 704 1511 legimus:

607 1527 931 1595 ‘Invadit
957 1550 1181 1596 muros
1209 1529 1461 1611 Elusae,
1489 1530 1843 1596 notissima
1871 1530 2121 1597 dudum

655 1629 872 1699 Tecta
894 1631 1173 1717 petens?

273 1726 461 1814 Quod
487 1734 666 1821 enirn
706 1735 936 1821 media
971 1737 1235 1823 syllaba
1262 1738 1686 1823 corripiatur,
1725 1739 2189 1824 pronunciatio
2216 1738 2485 1807 Vasco-

271 1835 420 1903 nica
456 1838 527 1904 id
559 1837 877 1917 ostendit,
907 1858 1063 1925 quoe
1110 1838 1347 1919 Elusa,
1377 1847 1699 1924 tanquam
1739 1839 1904 1907 Elsa
1928 1842 2136 1908 effert.
2227 1840 2410 1909 Nam
2440 1842 2481 1911 1

269 1946 410 2013 ante
436 1939 952 2022 consonantem,
995 1963 1125 2013 non
1168 1943 1383 2008 solum
1411 1942 1767 2009 Vascones
1811 1945 1881 2011 in
1923 1944 1993 2011 U
2022 1964 2282 2031 semper
2322 1962 2481 2011 con·

269 2048 535 2124 vertunt,
565 2043 691 2111 sed
736 2050 805 2108 et
830 2044 1097 2124 Franci,
1127 2050 1195 2111 et
1237 2047 1453 2131 major
1479 2065 1640 2131 pars
1666 2047 2082 2113 Teutonismi
2125 2047 2481 2115 inferioris.

267 2141 399 2226 Qui
427 2146 778 2217 Flussates
804 2146 1131 2231 legebant,
1163 2147 1477 2213 dicebant
1501 2168 1655 2215 esse
1668 2147 2077 2215 Comitatnm
2107 2149 2190 2215 de
2220 2148 2478 2216 Fuxio:

268 2254 330 2317 et
363 2249 490 2319 hoc
529 2258 804 2336 stupore
833 2270 958 2319 suo
1005 2257 1468 2337 persuaserunt
1493 2253 1735 2319 illustri
1763 2257 1908 2321 viro
1948 2274 2187 2319 nomen
2214 2251 2291 2317 de
2323 2250 2483 2319 Foir

267 2351 334 2417 in
358 2353 737 2423 Flussatem
764 2354 1101 2420 recudere:
1151 2374 1290 2439 quo
1317 2354 1483 2420 nihil
1501 2356 1870 2422 absurdius.
1961 2357 2142 2422 Nam
2169 2357 2352 2423 aliud
2381 2362 2485 2425 est

269 2452 660 2527 Frnciscus
701 2459 785 2526 de
815 2458 1080 2538 Flnssa,
1121 2457 1305 2525 alind
1347 2458 1752 2526 Franciscus
1791 2459 2094 2528 Flussa8.
2183 2459 2369 2527 Nam
2397 2460 2484 2528 de

268 2557 500 2630 Flussa
526 2569 713 2630 esset
739 2583 968 2628 verum
1010 2574 1377 2647 cognomen
1413 2563 1709 2628 familiae.
1796 2564 1935 2630 Sed
1985 2563 2261 2628 Flussas
2306 2571 2485 2631 esset

263 2678 493 2730 nomen
539 2665 862 2731 nationis.
952 2664 1194 2750 Itaque
1241 2664 1648 2730 Franciscus
1696 2665 1976 2731 Flu'ssas
2005 2672 2182 2731 esset
2217 2667 2483 2732 natione

266 2763 561 2847 mussas,
620 2787 757 2836 non
817 2767 900 2832 de
944 2766 1203 2834 familia
1251 2767 1336 2832 de
1383 2767 1652 2835 Flussa.
1742 2767 1879 2832 Sed
1927 2769 2169 2834 Flussa
2216 2787 2353 2834 non
2380 2774 2483 2835 est

261 2863 434 2940 Fui-r.
489 2871 682 2937 Nam
710 2871 782 2936 id
807 2875 984 2938 esset
1015 2869 1333 2956 Foxium,
1365 2878 1484 2936 aut
1505 2870 1689 2936 aliud
1718 2871 1991 2958 quidvis
2020 2871 2247 2956 potius
2277 2889 2485 2958 quam

341 3072 613 3144 Gabali.
687 3075 781 3143 Le
800 3099 963 3166 pays
991 3076 1067 3142 de
1099 3076 1493 3143 Git’auldan.
1551 3078 1921 3145 Marlianus
1952 3077 2118 3144 dicit
2146 3078 2485 3163 quondam

260 3175 460 3248 fuisso
509 3183 887 3268 provinciae
929 3183 1393 3263 Bituricensis,
1440 3202 1621 3249 nunc
1674 3203 1838 3248 vero
1894 3183 2257 3269 provinciae
2315 3179 2483 3248 Are-

259 3277 547 3351 lacunis.
658 3284 850 3351 Certe
896 3294 964 3352 et
1008 3305 1184 3352 nunc
1229 3306 1500 3372 quoque
1557 3293 1660 3354 est
1708 3282 2075 3371 prov'inciae
2108 3284 2486 3352 Biturioen-

257 3384 369 3454 sis·
401 3435 410 3444 -
445 3387 586 3454 Sed
615 3390 783 3454 inter
803 3388 1140 3468 Gabalos,
1179 3396 1249 3455 et
1270 3390 1683 3474 provinciam
1704 3390 2223 3458 Arelatensem‘
2245 3387 2483 3471 Longa

258 3491 487 3571 procul
538 3492 765 3575 longis
821 3494 940 3558 via
988 3492 1227 3560 dividit
1280 3493 1464 3559 invia
1521 3492 1754 3559 terris?
1806 3537 1817 3544 -
1867 3490 1959 3556 Et
2005 3490 2289 3560 ridicula
2331 3496 2484 3555 sunt

252 3727 260 3734 ·
340 3695 708 3764 Garumna.
757 3698 1049 3766 „Betim
1079 3719 1322 3767 nomen
1348 3719 1633 3785 semper,
1681 3698 1802 3764 sed
1827 3698 2149 3780 integrum
2179 3715 2223 3764 a
2261 3698 2480 3781 capite

257 3799 340 3866 ad
384 3801 709 3869 Blaviam
759 3801 1088 3882 Castrum,
1136 3805 1252 3869 ubi
1299 3804 1525 3887 lingua
1577 3801 1905 3866 Francica
1948 3799 2208 3884 incipit.
2296 3797 2483 3866 Nam

258 3907 408 3976 tunc
454 3924 587 3989 pro
645 3901 709 3969 G
715 3921 971 3984 aronae,
1013 3905 1261 3972 dicitur
1303 3905 1630 3983 Geronde,
1684 3910 1753 3971 et
1801 3900 2102 3966 Gir-onde-
2189 3901 2369 3972 Vide
2412 3903 2484 3971 in

257 4001 606 4078 'tribunali
636 4007 979 4074 Tolosano
1006 4010 1074 4073 in
1104 4008 1396 4076 civitate
1423 4008 1839 4076 Mimatensi.
1906 4005 2188 4092 Excipit
2212 4003 2483 4089 navige-

257 4124 361 4176 ras
385 4111 643 4177 fluvios
668 4111 964 4190 Tarnim,
997 4112 1056 4176 Ie
1091 4109 1311 4176 Tam.-
1356 4110 1606 4188 Oliten,
1638 4111 1784 4177 sive
1814 4109 2084 4190 Oldum,
2120 4104 2336 4188 Ooldt,
2366 4116 2487 4180 aut

250 4227 404 4279 mm
427 4214 725 4286 articulo
753 4212 1044 4279 I’Ooldt:
1095 4216 1472 4284 Dn‘ranium
1493 4211 1826 4292 Ausonio,
1858 4212 2271 4282 Dordoniam
2298 4211 2482 4296 apud

252 4309 657 4401 angurium
724 4316 1199 4399 Turonensem,
1225 4316 1329 4392 Ia
1343 4314 1710 4405 Dor-dogne,
1744 4335 1949 4384 unum
1990 4335 2080 4383 ex
2119 4313 2551 4404 praecipuis
