3117 5025
909 411 1009 460 nn
1054 411 1237 460 vrrs
1283 411 1488 461 mnu
1536 409 1895 461 ossssms.
2325 395 2501 465 1833

303 563 381 626 tio
396 569 757 634 tractaretur,
774 568 959 641 atque
979 561 1091 623 hsc
1119 560 1343 623 fiducia
1370 561 1583 622 milites
1603 562 1738 622 hinc
1762 562 1920 622 illinc
1951 561 2180 642 ⁸²ntque
2201 563 2505 644 colloque·

304 673 514 733 rentur,
562 673 623 721 et
650 661 931 740 paulatim
959 681 994 719 e
1020 662 1229 721 castris
1259 662 1309 697 ⁸³
1326 660 1381 720 in
1410 661 1614 720 castris
1642 661 2054 732 discurrerent,
2083 663 2394 742 positoque
2420 662 2502 723 ad

304 768 523 838 tempus
548 758 703 819 civiti
733 758 874 819 odio
902 758 1027 819 sine
1055 759 1385 837 suspicione
1411 768 1592 839 atque
1622 758 1743 818 ullo
1773 767 1928 818 metu
1968 759 2137 819 simul
2170 770 2236 820 ut
2263 761 2321 819 in
2350 779 2501 839 pace

299 867 565 935 sssrent:
607 856 887 917 Afranius
928 865 1105 936 atque
1149 857 1415 935 Petrejus
1465 858 1769 935 repentina
1795 877 1867 916 ac
1897 858 2148 936 pessima
2177 858 2502 918 mutatione

301 952 600 1032 propofl‘ti,
644 974 850 1014 omnes
893 955 1146 1016 Caesaris
1194 956 1401 1016 milites
1450 955 1601 1014 intra
1631 954 1843 1013 vallum
1892 974 2064 1014 suum
2111 955 2506 1034 deprehensos

301 1050 537 1112 hames
566 1052 795 1113 scilicet
833 1062 914 1113 et·
942 1054 1208 1114 incautos
1236 1053 1603 1113 occiderunt.
1691 1054 1829 1122 Quo
1855 1052 2058 1112 audito
2087 1056 2301 1122 Coesar,
2334 1053 2505 1112 saevi-

303 1146 431 1208 tiam
458 1148 649 1209 noluit
677 1150 911 1222 imitari,
962 1150 1062 1210 sed
1091 1150 1319 1210 illorum
1362 1150 1574 1209 milites
1603 1149 1721 1208 suis
1769 1149 1827 1208 in
1855 1150 2065 1210 castris
2099 1151 2390 1221 inventos,
2435 1158 2503 1210 ut

304 1244 510 1306 dacum
542 1246 807 1325 perfidioe
836 1248 1053 1307 inscios
1077 1258 1141 1308 et
1188 1247 1525 1326 “expertos
1554 1247 1777 1308 dimisit
1806 1247 2144 1308 incolumes.
2225 1249 2501 1309 Tandem

302 1362 433 1404 vero
452 1342 640 1405 duces
662 1345 829 1424 impii
850 1365 1039 1405 rerum
1062 1345 1266 1424 inopes
1287 1345 1571 1416 omnium,
1589 1354 1651 1404 et
1668 1344 1933 1424 inprimis
1964 1345 2102 1405 viris
2130 1354 2314 1425 atque
2330 1346 2502 1424 equis

306 1455 370 1499 lv
412 1441 541 1520 jam
570 1441 796 1503 dierum
838 1442 1073 1521 jejunio
1101 1442 1353 1515 affectis,
1406 1443 1767 1521 colloquium
1819 1443 2077 1522 petiere:
2120 1443 2232 1502 hoc
2274 1442 2502 1516 addito,

303 1546 321 1574 ‘
348 1547 409 1598 ut
432 1538 480 1598 si
508 1539 731 1600 Caessri
757 1540 1033 1620 placeret,
1065 1560 1269 1601 secum
1296 1541 1589 1601 submotis
1619 1541 1903 1602 militibus
1933 1541 2311 1621 loquerentur
2332 1544 2368 1600 :⁹
2407 1561 2507 1602 ne·

302 1636 448 1714 gavit
496 1636 618 1697 boc
647 1638 867 1708 Caessr,
915 1648 978 1699 et
1006 1638 1061 1698 si
1089 1637 1251 1717 loqui
1278 1638 1497 1700 vellent
1522 1640 1755 1700 cunctis
1782 1638 2160 1700 audientibus
2190 1638 2354 1717 loqui
2373 1639 2504 1716 jus-

301 1731 404 1793 sit:
445 1732 591 1795 dato
620 1733 831 1795 obside
858 1733 982 1794 tilio
1003 1734 1228 1795 Afranii
1256 1735 1314 1795 in
1343 1734 1539 1796 locum
1559 1755 1596 1795 a
1617 1738 1852 1797 Caesare
1870 1735 2224 1814 assignatum
2243 1734 2504 1808 veniunt,

300 1841 579 1892 eteorum
608 1832 843 1894 duobus
886 1834 1244 1894 exercitibus
1273 1833 1455 1895 verba
1499 1833 1644 1894 fecit
1690 1832 1963 1894 Afranius
2010 1832 2257 1893 humilia
2300 1832 2506 1893 admo-

299 1927 431 1988 dum
460 1949 532 1990 ac
558 1930 833 1991 demissa.
921 1938 938 1965 ‘
969 1931 1070 2001 Si:
1097 1931 1309 2011 inquit,
1342 1941 1360 1968 ‘
1381 1933 1460 1992 ab
1488 1932 1604 1992 alio
1633 1931 1826 1991 victus
1850 1950 2057 2002 essem,
2105 1949 2222 1989 non
2254 1928 2398 1989 mihi
2426 1929 2506 1989 ad

300 2028 701 2087 arcessendam
731 2036 998 2102 mortem,
1025 2038 1131 2089 sut
1155 2048 1357 2091 manus
1384 2039 1490 2089 aut
1516 2029 1741 2089 animus
1770 2027 2082 2089 defuisset:
2113 2026 2212 2088 sed
2236 2026 2505 2106 cogitans

302 2131 356 2183 te
381 2123 629 2204 dignum
660 2125 757 2186 cui
788 2127 837 2164 ⁸⁵
862 2125 1159 2205 vigilatam
1186 2128 1456 2199 debeam,
1488 2127 1562 2188 ad
1593 2127 1922 2188 clementiae
1953 2138 2071 2186 tuoe
2099 2124 2296 2204 potius
2325 2145 2508 2204 quam

305 2221 493 2281 nortis
518 2221 802 2283 auxilium
829 2222 1149 2302 confugio:
1193 2223 1367 2302 [192]
1406 2244 1516 2284 nec
1546 2224 1718 2284 nobis
1744 2225 1942 2285 Caesar
1979 2243 2089 2283 nec
2119 2223 2393 2283 militibus
2420 2221 2511 2283 bis

302 2316 460 2379 irasci
487 2318 733 2390 debeas,
783 2318 945 2397 quod
977 2340 1117 2399 erga
1164 2320 1577 2399 imperatorem
1605 2328 1868 2381 nostrum
1913 2321 2264 2399 Pompejum
2309 2319 2509 2399 quoad

300 2413 458 2476 licuit
497 2415 843 2495 obsequiosi
890 2416 1112 2478 fuimus
1158 2427 1220 2478 et
1246 2427 1622 2478 constantes:
1668 2437 1862 2498 neque
1890 2417 2040 2477 enim
2087 2417 2170 2477 tui
2198 2416 2357 2489 odio,
2400 2415 2507 2478 sed

303 2514 589 2575 servanda:
636 2514 776 2574 fidei
815 2514 1013 2575 studio
1040 2515 1099 2575 id
1145 2514 1402 2593 egimus:
1446 2516 1549 2576 sed
1587 2517 1716 2594 Jam
1750 2515 1894 2576 fidei
1937 2517 2076 2576 satis
2104 2536 2177 2576 ac
2223 2514 2504 2595 supplicii

299 2619 423 2673 est:
461 2622 523 2673 et
551 2610 705 2673 fides
728 2621 788 2672 et
834 2613 1115 2691 patientia
1140 2613 1300 2673 victa
1344 2621 1469 2675 est:
1515 2615 1701 2674 multa
1729 2612 1929 2692 gravia
1954 2623 2012 2673 et
2039 2613 2246 2674 animis
2271 2622 2334 2673 et
2372 2632 2507 2674 cor-

301 2708 535 2787 poribus
581 2710 745 2789 passi
771 2730 993 2782 sumus,
1042 2720 1103 2771 et
1130 2710 1256 2788 p‘ati
1283 2709 1534 2789 amplius
1562 2729 1682 2770 non
1709 2710 1966 2771 valentes
1993 2710 2255 2789 victique
2276 2720 2338 2770 et
2365 2728 2509 2789 sup-

302 2805 475 2885 plices
510 2827 751 2868 oramus
779 2828 854 2868 ne
881 2809 958 2868 ad
1004 2807 1212 2868 ultima
1238 2808 1616 2888 progrediere
1645 2808 1971 2886 supplicis!
2056 2808 2208 2876 Quae
2237 2825 2376 2866 cum
2402 2806 2506 2867 ille

300 2902 561 2978 dixisset,
611 2907 811 2967 Caesar
853 2924 1087 2986 semper
1133 2925 1355 2986 pronus
1399 2904 1479 2965 ad
1529 2903 1797 2964 veniam:
1844 2912 1860 2938 ⁶
1893 2903 1949 2963 N
1955 2902 2099 2973 uui:
2137 2901 2349 2981 inquit,
2392 2912 2411 2944 ‘
2433 2923 2509 2964 ex

302 3003 573 3064 omnibus
602 3023 751 3082 quos
777 3003 997 3064 bellum
1023 3006 1288 3076 armavit,
1317 3003 1602 3063 minorem
1631 3021 1808 3082 quam
1835 3020 1938 3060 vos
1968 2999 2191 3060 habent
2210 3008 2315 3060 sut
2341 3020 2507 3061 com-

300 3098 681 3163 miserationis
702 3101 1002 3162 materiam
1024 3110 1128 3162 aut
1147 3102 1434 3181 querelae:
1459 3101 1663 3161 coeteri
1683 3101 1838 3161 enim
1857 3118 2060 3158 omnes
2080 3096 2157 3158 ad
2177 3098 2333 3161 hunc
2351 3100 2509 3161 diem

303 3215 432 3258 eum
456 3218 728 3279 pugnare
758 3199 979 3259 meliori
1006 3201 1345 3262 conditione
1373 3200 1655 3270 licuisset,
1686 3218 1812 3259 sese
1834 3196 2042 3278 proelio
2068 3214 2512 3276 congressuque

302 3295 557 3358 volentes
589 3294 954 3367 ⁸⁶abstinere,
976 3317 1049 3357 ne
1072 3297 1103 3357 s
1098 3318 1205 3358 uso
1224 3299 1507 3378 sanguine
1527 3296 1746 3357 civium
1767 3295 1876 3356 iter
1891 3294 2055 3373 pacis
2076 3294 2510 3355 obstrueretur:

305 3393 402 3454 soli
428 3415 536 3455 vos
572 3394 729 3455 ultro
778 3394 920 3453 mibi
967 3395 1177 3455 armati
1219 3395 1582 3465 occurristis,
1634 3412 1810 3463 meas,
1866 3392 1915 3451 si
1943 3399 2150 3451 contra
2177 3410 2299 3451 sors
2331 3400 2508 3463 esset,

304 3491 572 3554 vinorias
603 3493 912 3553 moraturi:
958 3490 1059 3551 sed
1097 3493 1294 3553 evenit
1321 3493 1489 3552 vobis
1518 3490 1684 3571 qnod
1727 3489 2080 3570 quibusdam
2108 3486 2508 3567 pertinacibus

302 3607 371 3648 ae
392 3588 689 3670 superbis,
719 3598 787 3649 ut
813 3587 889 3648 ad
933 3587 1080 3648 illud
1111 3590 1272 3667 quod
1313 3588 1630 3651 insolenter
1653 3586 2067 3661 recusaverint,
2117 3604 2253 3644 mox
2281 3583 2511 3644 bumili-

305 3694 386 3751 Μ’
411 3694 812 3747 revertantur:
856 3684 1027 3745 vobis
1052 3704 1196 3764 ergo
1223 3686 1475 3747 libenter
1502 3687 1554 3724 ⁸⁷
1572 3685 1869 3745 venientes
1897 3683 2124 3743 veniam
2167 3680 2502 3743 dedissem:

306 3783 569 3845 renuistis
590 3782 818 3843 veniam
842 3792 905 3846 et
932 3783 1182 3861 parastis
1214 3782 1467 3844 bellum:
1511 3781 1615 3843 sed
1646 3791 1707 3842 et
1734 3800 1891 3841 nuuc
1920 3778 2255 3860 petentibus
2281 3778 2509 3840 veniam

303 3878 410 3941 do:
439 3878 798 3961 supplicium
827 3880 1096 3941 remitto:
1139 3879 1220 3939 ite
1244 3879 1420 3958 igitur
1439 3880 1497 3939 in
1525 3879 1708 3958 pace‘:
1741 3876 1845 3938 sed
1873 3876 2164 3937 exercitus
2194 3874 2509 3938 dimittite:

305 3996 417 4038 non
442 3987 509 4040 ut
536 3976 655 4038 mei
702 3977 837 4050 sint,
888 3976 993 4037 sed
1038 3996 1114 4037 ne
1160 3986 1368 4039 contra
1410 3980 1542 4038 me!
1626 3974 1788 4037 Nihil
1830 3975 2021 4035 laetius
2070 3972 2280 4034 milites
2308 3972 2510 4035 audire

364 4223 427 4270 82
456 4218 688 4272 Videtur
724 4219 1023 4282 delendum:
1054 4223 1343 4285 aequm—88
1393 4178 1556 4287 Rege,
1591 4222 1644 4270 ia
1679 4223 1989 4270 oasim—84
2020 4220 2180 4284 Lege,
2213 4221 2511 4284 expaves.—

308 4302 365 4350 86
398 4300 891 4370 Forte,citmn.-86
924 4303 1082 4371 Lege,
1101 4302 1518 4357 uberimas-8¹1
1550 4303 1731 4369 Forte,
1749 4301 1957 4354 veniens
