3117 5025
96 425 97 428 „
98 245 103 356 ψ-

902 365 1004 414 nn
1054 364 1233 413 vri-A
1273 364 1481 414 sunu
1530 365 1886 418 cassam.
2323 349 2498 419 1867

277 520 331 573 et
356 512 495 574 fatis
518 513 924 592 pranentibns
952 515 1029 575 ad
1056 514 1304 594 Tapson
1333 523 1528 576 casn-a
1557 516 1838 576 habentes
1878 514 2096 576 invenit
2119 514 2198 575 ad
2231 533 2491 595 pugnam

276 609 617 689 dispositos,
645 621 707 671 et
732 612 924 672 aciem
950 610 1331 673 instruentes:
1376 612 1610 673 instruit
1648 621 1709 672 et
1755 613 1882 691 ipse
1911 631 2074 673 suam
2121 613 2310 673 aciem
2355 631 2496 674 oon-

275 706 493 777 festim,
521 707 685 768 omui
724 716 853 768 arte
901 726 1021 786 qua
1062 728 1168 787 per
1211 728 1503 771 summum
1543 707 1758 770 ducem
1789 711 1997 771 instrui
2036 711 2193 772 acies
2222 709 2340 773 ulla
2386 730 2494 791 po·

276 813 428 864 test:
472 803 618 883 quin
645 803 821 864 etiam
850 824 927 864 ex
965 824 1123 884 equo
1158 804 1545 878 descendens,
1595 807 1746 866 inter
1793 808 1949 887 ipsos
1977 807 2204 888 pedites
2241 808 2493 887 pedibus

274 901 620 962 ambul-bat
644 912 827 981 atque
846 919 1054 962 ornnes
1073 910 1133 963 et
1161 903 1422 983 singulos
1444 902 1639 963 verbis
1667 922 1777 982 pro
1799 913 2062 982 tempore
2092 903 2367 965 brevibus
2393 904 2494 965 sed

273 997 700 1058 efficacissimis
749 1000 1115 1059 hortabatur.
1201 1008 1220 1033 ‘
1251 1001 1376 1059 Oro
1406 1004 1550 1071 νου]
1575 1000 1795 1077 ajebat,
1829 1008 1847 1035 ‘
1876 1011 2278 1061 veteranorum
2320 1003 2498 1062 virtu-

274 1105 399 1155 tem
447 1095 827 1166 emulamini,
865 1106 928 1156 et
973 1115 1172 1156 eorum
1224 1096 1439 1157 famam
1494 1108 1587 1157 tot
1624 1107 1854 1177 partam
1895 1098 2152 1159 victoriis
2195 1099 2497 1178 possidere

274 1188 605 1253 &utiminh
652 1194 780 1252 baec
808 1193 1056 1253 victoria
1095 1192 1379 1272 gloriosos
1409 1213 1514 1253 vos
1543 1193 1721 1255 faciet
1748 1215 1818 1256 ac
1857 1193 2154 1255 famosos?
2238 1196 2385 1256 Haec
2433 1205 2496 1256 et

276 1289 493 1350 similia
536 1289 783 1369 loquens
822 1291 1153 1351 exereitum
1191 1290 1525 1363 ambiendo,
1554 1299 1617 1351 et
1643 1311 1871 1372 semper
1908 1292 2119 1353 oculos
2161 1292 2386 1353 habens
2413 1292 2491 1353 nd

274 1396 476 1446 castra
515 1389 791 1461 hostium,
833 1389 1085 1450 advertit
1130 1389 1260 1449 illos
1306 1387 1619 1467 trepidare,
1650 1398 1713 1449 et
1761 1409 1919 1450 more
1965 1390 2303 1469 paventium
2344 1408 2497 1450 nunc

272 1483 479 1562 egredi
501 1487 881 1565 ⁴⁷utrumqne
909 1487 1032 1547 sine
1069 1486 1313 1548 ordine·
1360 1485 1475 1546 hoc
1522 1488 1651 1566 ipse
1698 1488 1947 1567 primus,
1998 1496 2134 1566 post
2173 1485 2270 1547 alii
2315 1493 2496 1567 atque

274 1581 375 1640 alii
420 1581 883 1661 perpenderunt.
966 1584 1175 1664 Itaque
1202 1584 1378 1663 legati
1405 1583 1776 1664 evocatique,
1822 1584 1925 1664 qui
1971 1584 2028 1645 in
2070 1584 2275 1645 castris
2308 1593 2498 1651 erant,

272 1678 454 1757 [²237]
505 1681 798 1742 Caesarem
853 1682 1109 1742 adeunt:
1180 1682 1275 1752 Et,
1329 1680 1486 1752 ‘,'da
1536 1681 1830 1759 inquiunt,
1874 1682 2241 1760 ‘imperator
2281 1698 2495 1760 pugna:

274 1776 526 1854 signnm,
562 1798 638 1838 ne
663 1778 890 1850 dubita,
920 1777 1207 1839 vincimus
1239 1777 1394 1838 baud
1424 1776 1610 1838 dubie
1638 1778 1688 1838 si
1715 1782 2083 1857 pugnamus!
2164 1778 2498 1839 Resistente

276 1874 514 1935 Cnenre
544 1875 919 1937 inflammatis
945 1875 1248 1936 desideriis
1277 1875 1547 1948 militum,
1579 1884 1758 1955 atque
1787 1876 1969 1935 aciem
2000 1883 2383 1945 sustentante,
2425 1894 2498 1936 ae

270 1970 650 2044 flementmt
673 1974 928 2059 subinde
943 1973 1452 2058 exclamanteonon
1473 1973 1584 2033 sibi
1614 1974 1846 2052 placere
1873 1974 2183 2052 eruptione
2211 1973 2494 2053 pugnari:

275 2070 478 2131 factus
523 2071 677 2132 enim
725 2081 854 2132 erat
885 2071 1016 2148 jam
1063 2071 1140 2132 ad
1183 2071 1334 2131 bella
1366 2071 1732 2143 cunctacior,
1759 2079 1821 2130 et
1859 2070 2085 2150 aliquid
2134 2070 2210 2131 de
2257 2070 2356 2131 illa
2394 2091 2499 2133 sua

276 2168 537 2229 naturali
566 2169 865 2230 celeritate
893 2169 1219 2231 remiserat:
1270 2188 1386 2230 non
1428 2169 1591 2247 quod
1619 2167 2006 2248 providentiae
2055 2167 2190 2248 plus
2220 2168 2498 2231 haberet:

280 2268 502 2328 veritus
529 2267 733 2340 credo,
765 2287 837 2327 ne
859 2268 1099 2347 quando
1128 2268 1292 2331 illum
1322 2287 1427 2328 sua
1455 2267 1551 2327 illa
1575 2266 1810 2328 fortuna
1839 2275 1929 2327 tot
1956 2276 2017 2327 et
2035 2267 2210 2327 tantis
2234 2267 2496 2328 victoriis

276 2364 525 2446 fatigata
552 2365 865 2426 desereret.
951 2367 1106 2426 Dum
1137 2365 1224 2425 sic
1262 2385 1405 2444 ergo
1444 2365 1730 2444 impetum
1769 2364 1980 2426 froenat
2019 2384 2091 2425 ae
2142 2365 2497 2443 comprimit,

276 2472 547 2543 repente,
577 2463 737 2542 quod
769 2463 930 2524 nullo
958 2482 1218 2544 unquam
1248 2463 1461 2543 proelio
1488 2462 1758 2524 auditum
1802 2472 1950 2537 erat,
1990 2482 2176 2524 cornu
2206 2464 2283 2523 ab
2311 2463 2498 2525 altero

278 2558 651 2640 imperatoris
699 2561 926 2637 injussu
978 2562 1289 2621 classicum
1338 2559 1633 2621 insonuit:
1679 2579 1800 2640 quo
1851 2560 2157 2622 'universus
2211 2561 2501 2620 exercitus

277 2666 569 2727 arrectus,
596 2657 762 2737 signa
803 2656 860 2716 in
902 2656 1180 2717 adversos
1219 2657 1364 2717 ferre
1410 2667 1689 2736 coeperut,
1724 2657 2162 2718 centurionibus
2201 2658 2399 2736 lingua
2442 2663 2504 2716 et

280 2774 464 2814 manu
492 2754 896 2834 nequidquam
939 2753 1349 2815 renitentibus:
1400 2754 1579 2813 sensit
1609 2755 1807 2815 Caesar
1832 2773 2049 2833 pugna:
2078 2755 2281 2814 horam
2325 2751 2504 2813 adve-

278 2852 461 2924 niue,
507 2861 572 2911 et
609 2870 889 2912 accensos
918 2850 976 2911 in
1013 2870 1268 2930 pugnam
1299 2850 1488 2910 verbis
1517 2858 1793 2911 coercere
1819 2849 2035 2910 frustra
2062 2869 2222 2910 esse:
2264 2860 2324 2910 et
2373 2849 2502 2929 ipse

275 2948 459 3029 igitur
498 2947 686 3009 frana
728 2948 968 3021 laxavit,
1012 2949 1274 3028 datoque
1304 2948 1470 3027 signo
1502 2947 1818 3019 felicitatis,
1848 2966 2126 3027 equoque
2166 2947 2500 3009 calcaribus

279 3047 528 3120 adacto,
558 3045 780 3126 primus
809 3046 868 3105 in
898 3047 1155 3107 hostium
1181 3044 1514 3125 ⁴⁸princeps
1543 3046 1854 3107 invehitur.
1937 3047 2198 3125 Impetus
2226 3065 2263 3105 a
2283 3044 2501 3107 dextro

280 3165 473 3205 cornu
500 3146 563 3205 in
583 3144 925 3224 elephantes
951 3164 985 3204 a
1024 3145 1335 3226 sagittariis
1365 3153 1425 3205 et
1451 3143 1845 3205 funditoribus
1871 3143 2085 3216 factus,
2119 3143 2320 3203 beluas
2347 3143 2507 3203 inex·

281 3253 506 3323 pertas,
537 3253 601 3304 et
629 3251 856 3303 tantum
887 3262 925 3302 a
951 3243 1095 3303 silva
1121 3243 1440 3315 venientes,
1470 3243 1686 3303 avertit
1711 3251 1868 3302 retro
1896 3241 1954 3301 in
1983 3261 2123 3302 suos
2147 3262 2163 3302 :
2191 3248 2391 3301 secuta
2417 3250 2505 3300 est

280 3342 421 3421 fuga
471 3340 741 3420 equitum
794 3341 1167 3401 Maurorum:
1217 3339 1545 3419 eodemque
1603 3339 1828 3418 impetu
1877 3349 2237 3419 occupatum
2288 3337 2503 3398 vallum

279 3438 582 3518 Scipionis
610 3456 716 3516 per
742 3438 1135 3508 Caesareanos,
1164 3435 1511 3496 custodibus
1538 3435 1857 3496 interfectis
1882 3446 1980 3496 aut
2011 3435 2259 3514 fugatis:
2290 3435 2499 3513 etjam

280 3539 467 3617 copiis
510 3536 650 3614 ejus
686 3553 791 3613 per
832 3553 1072 3612 campos
1121 3532 1322 3592 effusis
1351 3553 1424 3593 ao
1464 3531 1716 3610 dejectis
1773 3531 2092 3612 fugamque
2145 3531 2502 3610 petentibus,

281 3634 576 3696 Coesareae
602 3633 858 3712 legiones
898 3631 1184 3691 insecutae
1227 3630 1371 3690 nihil
1411 3629 1747 3698 laxamenti,
1790 3629 2134 3706 nullumque
2175 3625 2504 3705 respirandi

279 3733 544 3812 spurium
574 3728 724 3789 ”lui
754 3728 865 3788 alia
891 3739 1084 3787 castra
1115 3735 1398 3805 petentes,
1426 3735 1491 3785 ut
1520 3724 1605 3784 ibi
1631 3745 1693 3786 se
1720 3725 2004 3804 reparatis
2032 3724 2239 3784 animis
2271 3734 2502 3785 tueren-

282 3840 401 3902 tur,
447 3827 615 3889 ⁵⁰nisi
643 3826 867 3887 nullum
909 3824 1026 3886 illic
1075 3824 1164 3885 vel
1208 3824 1425 3883 duoem
1472 3823 1564 3881 vel
1605 3821 1947 3902 praesidium
1993 3821 2283 3881 viderunt.
2366 3821 2501 3880 Jam

280 3928 645 3989 defensionis
683 3944 791 4005 spe
819 3923 1050 3995 amissa,
1078 3943 1239 3982 arma
1270 3940 1477 4001 magua
1505 3941 1578 3980 ex
1624 3930 1791 4000 parte
1838 3918 2175 3998 projiciunt,
2205 3929 2270 3979 ut
2324 3937 2503 3998 expe·

346 4149 412 4197 4ss
443 4137 983 4207 Iaege,nitimini.—4⁷
1017 4136 1213 4201 Supple
1242 4150 1308 4184 ex
1340 4133 1541 4184 Hirtio:
1581 4146 1769 4181 nuncu
1791 4129 2146 4194 melpum—48
2177 4130 2339 4195 Lege,
2368 4130 2503 4194 μή...

282 4224 555 4290 εἰμι-49
588 4221 773 4285 Adde,
793 4219 894 4269 iuis
912 4220 1288 4270 dederunt—50
1320 4214 1546 4265 Videtur
1571 4211 1848 4264 delendum
1869 4210 1983 4262 nisi.
