3117 5025
854 425 963 476 mr
995 423 1173 475 vri-A
1218 425 1422 475 sunu
1484 423 1840 476 crassam.
2287 408 2462 477 1825

236 586 440 648 eadem
484 580 633 642 dicit
678 578 966 658 epistola:
1010 579 1190 640 ‘Non
1219 599 1311 640 me
1353 579 1531 658 igitur
1571 579 1619 640 is
1666 578 1853 650 ducit,
1893 578 1992 639 sed
2036 600 2229 642 sermo
2270 578 2459 640 homi·

240 685 423 748 num!
506 680 589 739 Et
634 696 838 737 rursus
882 676 939 735 in
994 693 1093 736 lx.
1145 698 1281 738 cum
1326 677 1607 738 dixisset:
1669 687 1686 713 ‘
1717 677 2058 738 Mirandum
2104 678 2159 738 in
2214 677 2458 738 modum

243 783 439 843 Gneus
468 786 667 836 noster
694 773 898 850 Sillani
917 774 1080 852 regni
1106 774 1536 836 similitudinem
1562 775 1945 855 concupivit&
1972 775 2234 837 addidit:
2259 785 2277 811 ‘
2301 778 2458 837 Cum

242 879 359 940 hoc
386 897 460 936 ne
486 872 720 953 inquies
748 891 876 931 esse
914 870 1000 930 vis
1012 871 1057 930 Υ
1085 881 1143 942 et
1172 870 1572 951 respondens:
1605 879 1621 905 ‘
1655 871 2054 945 Beneficium,'
2081 873 2293 952 inquit,
2326 881 2344 907 ‘
2371 892 2461 933 se·

244 995 416 1057 quor,
446 972 585 1033 mihi
612 969 809 1042 crede,
840 987 959 1029 non
988 974 1261 1032 causam!
1342 972 1419 1030 Et
1445 970 1585 1029 alibi
1606 968 1682 1029 de
1709 968 1950 1031 eodem:
1983 975 1999 1004 ‘
2029 970 2092 1030 Si
2122 971 2340 1042 vincit,'
2367 970 2461 1030 in-

246 1072 395 1154 quit,
423 1080 443 1110 ‘
466 1070 691 1129 Siliano
732 1087 892 1128 more
934 1068 1326 1149 exemploque
1350 1066 1632 1129 ³⁶vincit:'
1673 1076 1731 1127 et
1762 1066 1989 1128 statim:
2023 1076 2041 1102 ‘
2072 1070 2213 1130 Mea
2262 1078 2459 1129 autem

246 1188 424 1232 causa
439 1167 551 1227 alia
576 1175 687 1238 est,
715 1164 888 1246 [181]
909 1165 1013 1243 qui
1035 1163 1325 1226 beneficio
1347 1164 1594 1226 ³⁷victus
1609 1164 1866 1244 ingratus
1889 1173 2017 1248 esse
2036 1185 2155 1227 non
2180 1163 2468 1246 possum!

244 1266 446 1329 Multa
474 1262 680 1323 ³⁸sicut
708 1261 765 1321 id
794 1281 978 1341 genus
1005 1260 1064 1321 in
1110 1261 1262 1323 iliius
1288 1261 1548 1341 epistolis
1575 1263 1654 1323 ab
1697 1262 1936 1324 bomine
1964 1283 2084 1323 non
2111 1264 2300 1324 solum
2321 1263 2463 1324 doc·

244 1363 472 1425 tissime
498 1360 603 1421 sed
625 1358 998 1431 amicissimo,
1021 1360 1078 1418 in
1104 1360 1450 1440 Pompejum
1473 1359 1657 1430 dicta,
1683 1370 1745 1421 ut
1775 1361 1999 1423 scilicet
2027 1360 2284 1441 undique
2318 1359 2465 1422 fides

248 1469 500 1522 constet.
553 1457 672 1518 Sed
702 1478 814 1537 ego
841 1458 969 1518 haee
991 1477 1180 1537 pauca
1207 1468 1268 1519 et
1296 1458 1370 1519 ad
1395 1479 1517 1519 rem
1536 1459 1614 1519 de
1643 1479 1762 1539 qua
1790 1460 1981 1538 agitur
1999 1459 2329 1539 spectantia
2347 1468 2405 1519 et
2428 1477 2464 1519 e

246 1556 401 1618 locis
432 1556 846 1617 secretioribus
865 1555 1131 1636 ”erupta
1158 1556 1408 1617 libenter
1424 1557 1700 1636 apposui,
1726 1566 1793 1618 ut
1819 1557 2122 1637 utriusque
2144 1557 2328 1636 partis
2350 1575 2469 1618 me·

247 1655 363 1716 rita
388 1673 507 1714 non
538 1673 720 1733 usque
741 1653 893 1713 adeo
921 1663 988 1714 ut
1014 1665 1300 1734 putantur
1329 1655 1590 1738 imparia,
1621 1665 1683 1717 et
1713 1665 2027 1734 utrumque
2053 1654 2210 1716 sicut
2238 1654 2466 1715 dic-tum

249 1761 362 1825 est,
390 1771 635 1832 regnare
663 1751 915 1812 voluisse
938 1771 1151 1829 magno
1179 1769 1251 1811 ae
1280 1750 1402 1812 fide
1430 1751 1612 1830 digno
1642 1761 1790 1814 teste
1809 1760 2122 1813 constaret.
2173 1751 2265 1812 Ad
2287 1750 2468 1813 histo-

248 1850 355 1911 riae
381 1848 587 1910 seriem
607 1858 887 1908 revertor.
946 1851 1105 1909 Dum
1135 1849 1431 1912 Ravennae
1459 1869 1599 1928 ergo
1615 1849 1969 1912 substitisset
1997 1851 2215 1921 Caesar,
2243 1870 2316 1910 ne
2337 1869 2471 1928 pro-

252 1947 465 2010 vinciae
492 1963 615 2005 suae
642 1946 922 2006 terminos
941 1946 1422 2025 transgrediendo
1451 1957 1649 2026 aperte
1677 1967 1850 2028 agere
1890 1957 2099 2008 contra
2127 1946 2476 2026 Rempubli·

251 2065 388 2106 cam
436 2043 751 2115 videretur,
798 2042 1043 2104 audiens
1086 2044 1374 2115 tribunos,
1430 2043 1533 2123 qui
1583 2064 1694 2124 pro
1746 2065 1819 2105 eo
1872 2051 2058 2116 erant,
2106 2044 2474 2124 contemptui

252 2142 511 2213 habitos,
536 2151 599 2202 et
624 2141 712 2200 vel
744 2140 797 2199 vi
840 2140 985 2201 urbe
1023 2141 1324 2220 depulsos,
1364 2142 1457 2202 vel
1485 2163 1590 2204 sua
1630 2153 1841 2222 sponte
1880 2142 2207 2222 digressos;
2267 2141 2476 2203 Romae

254 2260 462 2300 omnes
494 2237 846 2300 unanimiter
887 2249 1096 2299 contra
1139 2258 1200 2299 se
1250 2239 1478 2313 sentire,
1509 2242 1705 2301 omnia
1746 2240 1836 2300 sui
1879 2239 2018 2300 odio
2060 2239 2259 2300 divina
2294 2249 2477 2319 atque

248 2338 514 2398 humana
540 2335 773 2398 misceri
798 2356 873 2397 ac
892 2335 1184 2417 perverti:
1229 2356 1291 2395 se
1313 2357 1550 2417 quoque
1573 2356 1679 2416 per
1704 2336 2044 2416 patientiam
2069 2346 2477 2416 contemptum

248 2434 324 2496 iri
354 2436 657 2516 cogitans;
705 2454 893 2516 neque
912 2434 1041 2511 jam
1084 2434 1336 2515 amplius
1375 2435 1701 2508 ferendum,
1731 2433 2336 2516 dissimulandumque
2376 2434 2480 2494 ali-

252 2534 407 2616 quid
434 2533 807 2594 existimans:
849 2533 1111 2594 evocatis
1137 2534 1466 2614 legionibus
1493 2534 1854 2613 ubicumque
1878 2533 2111 2607 ⁴⁰esset,
2138 2532 2481 2614 praemissis-

252 2652 371 2714 qne
421 2631 595 2702 clam,
642 2652 776 2711 qua:
818 2640 960 2692 tuuc
1006 2630 1270 2705 aderant,
1313 2633 1696 2705 cohortibus:
1757 2653 1834 2693 ne
1877 2652 2053 2712 quam
2100 2631 2235 2691 novi
2283 2622 2480 2691 motus

254 2729 599 2810 opinionem
631 2729 869 2789 turbido
898 2729 1101 2790 habitu
1127 2731 1441 2810 praeberet,
1460 2731 1557 2791 die
1583 2731 1681 2791 illa
1707 2740 1771 2792 et
1798 2730 2066 2791 convivio
2089 2738 2151 2790 et
2176 2736 2484 2807 spectacu-

254 2829 325 2889 lis
345 2827 607 2888 ‘'otiosis
653 2826 958 2887 interfuit:
999 2847 1127 2888 sero
1152 2837 1346 2889 autem
1389 2827 1756 2889 clandestino
1798 2847 2028 2907 egressu
2056 2834 2343 2887 secretum
2373 2823 2483 2883 iter

256 2925 470 3006 paucis
498 2925 821 2986 comitatus
847 2924 1132 3005 arripuit:
1174 2923 1233 2985 in
1264 2945 1387 3005 quo
1414 2945 1553 2986 cum
1575 2933 1699 2984 tota
1726 2934 1900 2985 noete
1928 2924 2249 2984 deerrasset
2278 2920 2374 2982 vix
2403 2919 2480 2981 ad

257 3043 539 3085 auroram
567 3022 678 3083 viae
705 3022 919 3082 ducem
939 3041 1111 3082 casus
1138 3021 1353 3083 obtulit
1378 3043 1395 3084 :
1442 3043 1562 3103 quo
1589 3023 1828 3102 praevio,
1857 3022 1932 3083 ad
1960 3031 2184 3083 rectum
2220 3021 2332 3083 iter
2359 3038 2486 3102 per·

257 3123 439 3203 plexo
488 3140 565 3181 ac
590 3118 816 3180 difficili
858 3119 1006 3180 ealle
1047 3139 1333 3191 reversuS,
1361 3119 1727 3199 inventisque
1767 3120 2132 3192 cohortibus,
2162 3139 2309 3199 quas
2335 3137 2486 3198 prae·

261 3218 529 3293 miserat,
554 3216 632 3278 ad
661 3215 1031 3278 Rubiconem
1061 3215 1240 3287 veuit,
1271 3236 1499 3278 amnem
1530 3217 1827 3298 exiguum,
1847 3218 1948 3278 sed
1971 3238 2313 3298 magnarum
2341 3228 2486 3301 tnnc

260 3318 512 3377 limitem
565 3314 889 3393 regionum,
946 3313 1047 3374 ubi
1100 3332 1420 3393 parumper
1461 3315 1900 3394 cogitabundus
1952 3316 2230 3389 substitit,
2286 3335 2488 3376 secum

262 3415 485 3476 tacitus
528 3412 863 3474 examinans
893 3421 1179 3491 quantum
1221 3432 1374 3492 opus
1413 3413 1860 3492 aggrederetur:
1907 3413 2137 3475 tandem
2167 3433 2367 3475 versus
2409 3413 2486 3474 ad

264 3513 556 3576 comites:
612 3521 629 3545 ⁴
661 3510 915 3582 Adhuc,’
949 3511 1157 3590 inquit,
1186 3518 1205 3546 ‘
1229 3512 1435 3592 coeptis
1463 3512 1765 3584 absistere,
1795 3531 1868 3572 ac
1906 3513 2113 3572 reverti
2140 3511 2307 3573 licet:
2351 3519 2412 3573 at
2440 3510 2492 3573 si

262 3611 467 3671 rivum·
491 3610 654 3670 hunc
685 3609 1162 3687 transgredimur,
1193 3607 1346 3669 ferro
1373 3610 1628 3689 gerenda
1671 3609 1842 3670 nobis
1870 3619 2044 3670 erunt
2082 3610 2314 3669 omnia!
2393 3607 2490 3669 lbi

266 3708 498 3769 haerens
519 3706 859 3785 dubiusque
876 3706 1054 3766 animi
1076 3731 1092 3778 ;
1126 3706 1538 3785 hujuscemodi
1558 3705 1780 3768 visione
1797 3706 2062 3767 firmatus
2082 3715 2199 3765 est:
2232 3704 2490 3775 Quidam

266 3805 381 3867 sibi
409 3815 473 3869 et
498 3813 729 3864 statura
769 3811 830 3862 et
856 3804 1053 3883 specie
1080 3804 1338 3883 corporis
1378 3823 1547 3883 supra
1581 3805 1898 3865 humanum
1928 3804 2166 3865 modum
2196 3803 2370 3882 [182]
2395 3823 2490 3864 su-

270 3903 401 3964 bito
442 3903 605 3963 visus
648 3910 757 3974 est,
786 3900 887 3980 qui
937 3900 1125 3963 amnis
1167 3900 1243 3961 ad
1289 3901 1476 3981 ripam
1518 3902 1748 3977 sedens,
1783 3901 2039 3982 pastoria
2080 3900 2493 3964 modulabatur

240 3988 556 4063 'arundine
581 4019 597 4059 :
656 3996 735 4058 ad
766 4017 940 4076 quem
972 4006 1038 4059 ut
1063 3997 1277 4059 animal
1316 4018 1436 4058 non
1463 3999 1653 4060 visum
1681 4021 1821 4061 cum
1848 4010 1912 4062 et
1937 4010 2199 4081 pastores
2225 4001 2492 4064 locorum

336 4249 408 4296 ⁸6
449 4245 611 4310 Lege,
646 4243 954 4294 vinem—8⁷
986 4243 1149 4307 Lege,
1181 4242 1513 4294 dum—88
1558 4244 1738 4309 Forte,
1773 4248 2035 4297 σακε-39
2074 4245 2235 4311 Lege,
2273 4248 2496 4295 eruta.—

270 4330 340 4378 4⁰
366 4327 529 4392 Lege,
548 4328 851 4377 ment—⁴1
874 4327 1037 4390 Lege,
1054 4325 1246 4378 otiosus.

418 4423 593 4490 Delph.
615 4427 663 4478 et
694 4422 811 4474 rar.
835 4422 965 4473 σιω.
1421 4424 1545 4478 σα.
2045 4402 2068 4414 “
2256 4427 2288 4473 s
2322 4422 2366 4472 z
