3117 5025
586 415 762 498 1596
1227 441 1293 493 s.
1342 439 1554 492 onus!
1604 439 2170 494 connum-Anu.

586 589 775 653 fectus
797 591 1095 671 abjicitur,
1123 594 1453 675 speratiqu‘e
1482 595 1671 656 ⁵²loco
1695 585 1926 675 pmmii
1952 595 2227 677 supplicii
2254 596 2595 677 occupavit.
2660 598 2792 658 Me-

585 690 933 752 morandum
962 704 1243 771 praeterea
1268 692 1329 751 in
1357 693 1513 753 banc
1540 692 1730 772 ipsam
1762 694 1959 754 borant
1989 694 2217 756 facinus
2242 695 2469 756 incidit.
2550 697 2790 760 Marsus

587 801 800 869 nempe
828 790 1135 850 Petronius
1162 790 1402 870 legionis
1448 789 1712 870 ejusdem
1760 791 2049 863 centurio,
2098 792 2242 853 dum
2290 801 2492 873 portas
2529 791 2792 872 frangere

586 883 809 957 nititur,
880 885 1260 947 multitudine
1328 887 1586 948 hostium
1662 888 2146 961 circumventus,-
2188 899 2249 950 et
2327 891 2512 969 plagis
2595 891 2792 952 multis

586 982 866 1056 effictus,
896 984 944 1023 ⁵³
957 1004 1028 1045 ac
1056 1003 1256 1046 versus
1284 984 1359 1045 ad
1401 985 1633 1058 sociosg
1678 993 1698 1020 ‘
1728 984 2007 1064 quando,’
2051 986 2266 1065 inquit,
2315 996 2335 1023 ‘
2355 1006 2458 1047 me
2486 987 2792 1050 vobiscum

589 1101 821 1142 servare
850 1082 1183 1162 prohibeor,
1233 1102 1338 1142 vos
1368 1081 1634 1154 servabo,
1665 1100 1816 1161 quos
1839 1101 2072 1142 mecum
2118 1083 2316 1163 glorise
2357 1082 2557 1144 studio
2589 1084 2649 1148 iu
2679 1085 2798 1145 dis·

586 1178 807 1240 crimen
834 1180 1019 1240 traxi:
1061 1179 1141 1240 ite
1170 1179 1507 1253 incolumes,
1538 1180 1679 1240 dnm
1710 1197 2026 1259 parumper
2053 1181 2163 1241 hos
2193 1180 2470 1242 barbaros
2497 1182 2737 1243 detineo
2757 1186 2795 1243 ε’
2848 1205 2856 1214 ·

586 1278 720 1338 baec
754 1277 957 1340 dicens
985 1280 1157 1359 quasi
1203 1277 1404 1339 adbuc
1426 1279 1656 1357 integer
1681 1278 1741 1337 in
1778 1277 2059 1339 adversos
2098 1278 2429 1352 invehitur:
2473 1290 2534 1340 et
2560 1280 2793 1342 duobus

590 1394 710 1436 uno
746 1379 918 1437 cassis
945 1376 1191 1456 impetu,
1215 1376 1475 1454 reliquos
1502 1396 1535 1436 a
1566 1384 1752 1455 portse
1780 1375 2050 1436 custodia
2076 1374 2307 1437 interim
2334 1378 2544 1437 avertit
2562 1397 2582 1438 ε
2626 1377 2797 1438 dum·

591 1491 707 1552 que
735 1475 825 1535 sui
869 1474 1132 1548 comites,
1182 1473 1283 1553 qui
1312 1473 1479 1534 inviti
1526 1483 1588 1534 et
1631 1473 1823 1534 moesti
1870 1494 2004 1535 eum
2051 1473 2420 1544 deserebant,
2467 1493 2643 1554 opem
2689 1475 2798 1536 sibi

588 1589 749 1630 nnnc
774 1570 952 1631 etiam
1002 1570 1153 1632 ferre
1188 1570 1531 1642 niterentur,
1580 1570 1682 1629 ille
1723 1578 1790 1629 ut
1833 1571 1997 1650 loqui
2039 1579 2304 1651 poterat:
2350 1579 2369 1606 ‘
2396 1570 2651 1642 frustra:
2676 1572 2797 1634 ait:

530 1675 539 1681 '
589 1667 759 1745 ‘jam
788 1688 881 1729 me
907 1669 1061 1728 enim
1089 1666 1328 1747 sanguis
1353 1675 1414 1727 et
1438 1666 1557 1727 vita
1584 1665 1930 1728 destituunt.
2012 1667 2169 1736 Quin
2208 1686 2303 1728 me
2327 1668 2574 1748 linquite
2599 1668 2797 1748 igitur,

589 1774 651 1826 et
678 1764 852 1826 ⁸⁴nos
899 1766 1047 1826 moti
1091 1764 1237 1826 dum
1285 1764 1426 1826 licet
1450 1763 1661 1845 eripite
1685 1769 1726 1826 ε’
1765 1765 1849 1825 sic
1876 1764 2204 1826 vociferans
2233 1765 2636 1846 insultansque
2666 1767 2800 1827 bos·

588 1863 748 1924 tibus
764 1864 883 1924 ruit
907 1872 971 1923 et
995 1862 1244 1924 moriens
1269 1862 1388 1923 suis
1416 1863 1660 1942 profuit.
1702 1862 1876 1944 [144]
1909 1862 2018 1923 His
2042 1883 2115 1923 ac
2141 1864 2357 1925 talibus
2384 1883 2621 1926 suorum
2649 1866 2801 1925 casi-

590 1960 702 2022 bus
732 1961 982 2025 Romani
1008 1960 1241 2023 tandem
1264 1962 1658 2041 -praegravnti,
1714 1960 1885 2022 caesis
1927 1961 2314 2041 qnadraginta
2360 1981 2460 2021 sex
2509 1963 2802 2024 centurio-

591 2058 764 2118 nibus
793 2078 866 2118 ac
895 2058 1177 2119 militibus
1217 2058 1626 2139 septingentis,
1673 2059 1875 2139 iniquo
1925 2059 2078 2119 colle
2123 2059 2518 2136 rejiciuntur.·
2569 2059 2800 2120 Fuisset

589 2153 731 2237 fuga
756 2155 986 2234 longior
1010 2164 1071 2216 et
1107 2155 1320 2235 largior
1344 2155 1562 2228 caedes,
1605 2155 1668 2215 ni
1708 2155 2146 2235 prudentissimi
2188 2155 2359 2218 ducis
2385 2176 2461 2216 ex
2487 2157 2798 2229 sententia,

592 2252 877 2313 Romanae
932 2272 994 2312 se
1047 2252 1324 2313 cobortes
1372 2252 1567 2314 Gallis
1613 2253 2057 2332 insequentibus
2100 2253 2500 2332 objecissent:
2543 2271 2801 2333 cumque

590 2349 667 2409 ad
714 2351 891 2428 plana
915 2348 1213 2430 fugiendo,
1259 2348 1645 2429 insequendo,
1691 2360 1872 2430 atque
1900 2350 2194 2432 obstando
2237 2362 2577 2431 perventum
2603 2360 2801 2422 essen

591 2446 852 2527 legiones
878 2448 1017 2529 ipsae
1062 2447 1350 2508 instructa
1377 2446 1506 2508 acie
1535 2447 1791 2517 stabant,
1837 2446 2055 2528 quibus
2095 2447 2509 2508 animadversis
2553 2446 2800 2508 Vercin-

592 2545 840 2623 getorix,
864 2556 1180 2626 antequam
1210 2565 1274 2605 se
1301 2546 1487 2624 aequis
1515 2545 1661 2606 locis
1689 2547 1972 2619 crederet,
2001 2565 2136 2606 suos
2165 2546 2224 2606 in
2254 2556 2449 2606 castra
2469 2545 2799 2606 revocavit:

590 2642 723 2703 hoec
752 2651 841 2704 est
889 2643 1042 2723 legio
1087 2643 1163 2704 ad
1214 2644 1572 2721 Gorgomam
1602 2643 1753 2715 fusa,
1797 2644 1972 2722 cujus
2017 2642 2278 2704 meminit
2319 2642 2700 2722 Tranquillus
2735 2644 2800 2702 in

594 2740 787 2820 primo
813 2740 964 2801 inter
992 2750 1106 2801 tres
1135 2740 1274 2801 belli
1322 2740 1544 2801 Gallici
1587 2740 1968 2803 adversitates
1996 2742 2293 2802 Caesareas
2319 2748 2641 2801 numerate.
2724 2740 2803 2800 Et

594 2836 709 2898 diei
739 2837 972 2918 quidem
1018 2838 1172 2899 illius
1214 2836 1479 2919 reliquiae
1509 2838 1720 2899 sauciis
1749 2837 2025 2899 curandis
2052 2848 2157 2898 aut
2202 2836 2511 2899 humandis
2557 2836 2802 2899 mortuis

592 2945 651 2997 et
681 2938 820 2997 seris
849 2937 1221 3017 querimoniis
1249 2946 1389 2998 sunt
1412 2936 1767 3015 absumptas,
1813 2935 1917 2997 ubi
1947 2935 2073 2996 dies
2101 2937 2399 3015 proximus
2441 2935 2636 2996 illuxit
2661 2954 2804 2998 con·

595 3043 807 3094 vocato
834 3034 907 3092 ad
937 3033 1281 3095 concionem
1306 3033 1566 3095 exercitu
1597 3035 1801 3094 Caesar
1823 3033 1903 3094 ita
1934 3032 2224 3095 disseruit.
2307 3042 2327 3069 ‘
2348 3033 2597 3093 Habetis
2623 3042 2804 3095 teme-

593 3130 781 3191 ritatis
805 3151 844 3190 o
873 3131 1078 3191 milites
1102 3140 1166 3191 et
1191 3129 1484 3210 cupidinis
1520 3139 1730 3190 vestroe
1758 3128 2039 3203 fructum,
2084 3129 2281 3190 animo
2328 3137 2594 3189 moestum
2641 3149 2799 3203 meo,

582 3236 788 3291 ‘vestra
842 3238 1034 3289 tamen
1074 3227 1321 3289 audacia
1364 3238 1542 3307 atque
1587 3227 1897 3288 insolentia
1937 3247 2057 3288 non
2101 3226 2441 3306 indignumt
2486 3225 2590 3306 qui
2636 3227 2802 3288 vobis

592 3325 739 3407 ipsis
765 3324 913 3404 qnid
953 3324 1248 3405 agendum
1295 3323 1776 3403 linquendumve,
1835 3345 1956 3404 quo
1983 3323 2263 3395 eundum,
2319 3323 2478 3384 unde
2503 3323 2806 3385 abstinen-

550 3446 561 3453 ·
599 3422 768 3495 dum,
819 3423 934 3483 boc
960 3433 1068 3495 ωε.
1112 3433 1301 3484 totum
1329 3424 1504 3483 vestri
1552 3421 1724 3483 ducis
1749 3421 2006 3483 officium
2036 3421 2385 3501 usurpastis.
2465 3421 2653 3499 Atqui
2689 3441 2803 3502 ego

590 3531 804 3582 ‘vestras
832 3520 1049 3581 militioe
1070 3521 1170 3581 ubi
1198 3540 1435 3602 possum
1464 3520 1664 3580 faveo:
1695 3540 1797 3580 vos
1824 3520 1988 3592 mibi,
2011 3518 2171 3599 quod
2201 3519 2259 3577 in
2285 3517 2453 3579 vobis
2470 3527 2583 3589 est,
2607 3538 2800 3579 neum

595 3617 904 3698 imperium
946 3618 1317 3700 abrogastisz
1362 3616 1466 3697 qui
1494 3616 1725 3696 signum
1770 3616 2038 3697 receptui
2063 3635 2102 3676 a
2129 3635 2219 3675 me
2245 3614 2474 3686 datum,
2519 3615 2621 3695 qui
2649 3617 2806 3695 lega-

594 3725 813 3789 torum,
843 3717 962 3778 imo
984 3736 1145 3778 meos
1170 3737 1242 3776 ex
1268 3715 1499 3776 illorum
1528 3735 1632 3776 ore
1661 3715 1830 3776 utiles
1857 3715 2113 3775 monitus
2139 3713 2592 3792 contempsistis,
2621 3722 2804 3793 atque

598 3824 843 3895 urgente
868 3813 1067 3875 nescio
1092 3832 1344 3894 quonam
1372 3813 1698 3872 animorum
1725 3813 1950 3890 impetu
1977 3811 2183 3883 ivistis,
2231 3810 2386 3870 unde
2411 3828 2523 3870 nec
2551 3809 2808 3871 redirent

600 3931 825 3984 omnes,
881 3931 1071 3990 neque
1138 3910 1242 3991 qui
1282 3908 1557 3982 redirent,
1612 3916 1717 3969 aut
1772 3910 2014 3970 salutem
2065 3926 2274 3980 suam,.
2307 3917 2412 3967 aut
2477 3908 2804 3969 Romanum

600 4009 785 4072 decus
810 4009 1094 4088 integrum
1124 4011 1172 4048 ⁵³
1188 4016 1561 4088 reporarent:
1607 4027 1680 4068 an
1709 4006 2060 4088 ignorabatis
2087 4015 2152 4067 ut
2179 4004 2373 4085 magni
2401 4024 2558 4085 ssepe
2583 4006 2806 4067 exerci-

666 4225 733 4271 5²
779 4221 957 4285 Forte,
989 4222 1140 4271 locun
1171 4222 1361 4286 pre-dt
1390 4222 1816 4289 empticium-68
1862 4223 2038 4288 Forte,
2075 4223 2465 4274 nme-6⁴
2512 4220 2690 4286 Forte,
2727 4234 2809 4270 ces

601 4302 892 4355 met-ss
929 4304 1089 4369 Lege,
1102 4308 1416 4370 reputo-ent.
