3117 5025
610 383 784 454 1788
1212 399 1272 449 J.
1318 397 1529 448 canat
1579 399 2114 451 commum-Anu

604 550 923 629 arripuere.
1004 549 1269 610 Immisso
1314 560 1451 629 post
1488 569 1593 611 eos
1633 553 1902 630 equitatu
1957 573 2169 633 inagna
2221 554 2431 615 horum
2485 554 2546 615 in
2599 554 2805 617 itinere

614 657 835 726 strages
874 647 1269 708 fuitt-dehine
1323 648 1550 727 agmine
1587 661 1872 728 perpetuo
1915 650 1991 710 ad
2049 649 2442 713 confluentem
2491 654 2681 713 Rheni
2731 673 2803 714 ac

615 747 739 808 ¹“et
765 767 885 807 01·ae
914 747 1114 817 delati,
1160 765 1298 805 cum
1325 766 1391 805 se
1432 754 1593 806 metu
1623 747 2046 825 insequentium
2090 748 2147 807 in
2191 750 2532 826 oppositum
2576 771 2806 811 amnem

611 845 955 924 injecissent
981 855 1038 905 et
1068 844 1405 905 lassitudine
1428 854 1490 904 et
1516 865 1751 923 pavore,
1797 855 1856 905 et
1885 847 2108 923 impetu
2154 847 2302 906 alvei
2348 858 2656 925 superante
2704 849 2810 908 de·

612 943 791 1004 mersi
817 953 971 1004 sunt.
1059 945 1150 1003 lta
1177 963 1327 1023 pene
1354 963 1556 1003 omnes
1605 944 1812 1021 partim
1863 964 2078 1023 pugna,
2122 944 2338 1022 partim
2383 944 2545 1023 fuga,
2594 945 2809 1025 partim

608 1059 772 1119 aqua
822 1039 1201 1119 consumpsit,
1257 1061 1389 1101 curn
1447 1049 1644 1100 essent
1696 1039 1856 1100 milia
1897 1042 2194 1100 hominum
2237 1041 2684 1121 ⁸⁵quadraginta
2736 1062 2810 1103 ac

616 1136 883 1216 triginta:
930 1155 1033 1198 sua
1058 1139 1121 1197 in
1162 1149 1355 1198 castra
1397 1158 1660 1198 reversus
1702 1141 1899 1199 Caesar
1942 1140 2222 1198 incolumi
2264 1140 2545 1210 exercitu,
2603 1141 2810 1200 mirum

616 1232 781 1296 dictu
811 1245 975 1296 tanto
1000 1256 1075 1295 ex
1124 1236 1277 1296 bello
1319 1234 1528 1314 paucis
1576 1234 1987 1295 tantummodo
2031 1236 2365 1308 vulneratis,
2409 1256 2546 1296 cum
2593 1237 2813 1316 legatos

612 1333 1030 1412 reliquosque,·
1061 1353 1216 1412 quos
1262 1333 1399 1412 oapi
1424 1332 1704 1410 jusserat,
1752 1333 2087 1404 invenisset,
2135 1333 2360 1394 absolvi
2400 1334 2561 1405 fecit,
2602 1343 2664 1395 et
2691 1351 2815 1413 qno

614 1430 839 1490 vellent
893 1430 1153 1491 abeundi
1206 1431 1413 1492 tribuit
1465 1431 1782 1492 licentiam.
1875 1431 1967 1491 Illi
2019 1451 2157 1492 vem
2210 1432 2520 1492 Gallorum
2575 1441 2818 1511 propter

616 1523 670 1566 ⁸⁶
686 1528 1074 1588 Attoritorum
1095 1528 1263 1600 fines,
1290 1528 1654 1590 iracundiam
1684 1541 2023 1605 metuentes,
2051 1530 2215 1609 apud
2243 1532 2533 1592 Caesarem
2559 1529 2816 1589 residere

614 1623 872 1688 muneris
910 1625 1096 1686 instar
1130 1635 1430 1705 optarunt,
1469 1646 1621 1706 quos
1672 1648 1873 1688 secum
1926 1628 2023 1687 ille
2077 1628 2475 1706 magnanimus
2529 1645 2817 1688 concessa

612 1720 887 1786 libertam
911 1721 1183 1783 detinuit.

700 1820 847 1881 Post
871 1821 999 1881 haec
1026 1823 1228 1882 Caesar
1256 1820 1443 1881 modis
1469 1822 1739 1883 omnibus
1770 1822 2037 1882 Rhenum
2053 1822 2296 1882 transire
2321 1822 2619 1902 disponit:
2663 1823 2848 1904 mul-7

619 1927 698 1980 :ae
720 1937 858 1978 eum
886 1919 1265 1998 impellebant
1290 1938 1507 1981 causae.
1590 1921 1739 1980 Tres
1758 1920 2050 1999 inprimis:
2092 1937 2230 1979 nam
2257 1927 2320 1981 et
2342 1938 2538 1999 operae
2564 1920 2818 1998 pretium

616 2015 939 2077 extimebat
964 2028 1030 2078 ut
1052 2019 1339 2079 Germani
1366 2019 1471 2097 qui
1498 2018 1744 2079 cottidie
1769 2020 1826 2077 in
1864 2020 2093 2079 Gallias
2137 2020 2377 2078 transire
2418 2017 2527 2077 sibi
2572 2037 2819 2078 consue-

616 2112 880 2174 tudinem
934 2115 1233 2185 fecerantg
1277 2135 1508 2176 suarum
1556 2125 1720 2176 metu
1759 2135 1950 2176 rerum
1991 2116 2151 2176 domi
2197 2114 2671 2188 continerentur:
2717 2115 2820 2175 ubi

622 2210 993 2272 adverterent
1045 2213 1366 2274 exercitum
1411 2213 1617 2292 populi
1663 2214 1913 2274 Romani
1964 2233 2137 2293 posse
2182 2223 2245 2274 et
2278 2212 2494 2273 audere
2547 2213 2817 2273 Rhenum

622 2317 1017 2370 transnatare:
1063 2330 1255 2388 neque
1283 2328 1512 2394 semper
1535 2329 1868 2372 assuescere
1895 2310 2206 2383 invadere;
2252 2311 2354 2374 sed
2400 2310 2599 2371 invadi
2642 2311 2820 2371 etiam

618 2404 948 2470 interdum:
990 2405 1206 2467 deinde
1229 2406 1393 2486 quod
1420 2425 1553 2485 pars
1579 2406 1677 2466 illa
1702 2408 2044 2468 Germanici
2080 2409 2412 2488 equitatusg
2457 2427 2634 2488 quarn
2676 2426 2822 2487 pra:-

625 2501 807 2564 dandi
832 2524 1012 2565 causa
1041 2515 1198 2566 trans
1226 2504 1453 2566 Mosam
1482 2503 1720 2565 missam
1765 2504 2039 2585 proximo
2085 2507 2296 2586 proelio
2327 2526 2446 2566 non
2491 2505 2821 2567 interfuisse

624 2602 1093 2674 memoravimus,
1160 2612 1319 2663 trans
1378 2602 1650 2661 Rhenum
1699 2603 1902 2663 audita
1957 2623 2191 2663 suorum
2245 2605 2413 2665 clade
2459 2604 2823 2682 confugerat,

628 2718 810 2779 seque
854 2700 1166 2761 Sicambris
1219 2698 1604 2778 adjunxerat:
1661 2719 1700 2760 a
1743 2700 1957 2779 quibus
2012 2701 2214 2761 Caesar
2253 2720 2391 2760 cum
2437 2720 2545 2779 per
2587 2702 2821 2763 nuntios

624 2797 1004 2874 postulasset,
1044 2808 1111 2859 ut
1132 2818 1236 2859 eos
1263 2799 1364 2879 qui
1393 2799 1672 2859 Romanis
1700 2798 1872 2858 simul
1900 2818 1972 2859 ac
2001 2798 2192 2859 Gallis
2239 2798 2457 2857 bellum
2502 2809 2824 2872 moverent,

626 2893 741 2957 sibi
784 2896 1134 2968 redderent:
1176 2895 1621 2975 responderunt,
1667 2903 1685 2929 ‘
1713 2896 2018 2975 impen'nm
2067 2895 2274 2975 populi
2317 2895 2571 2959 Romani
2616 2897 2824 2957 Rheno

496 3042 507 3055 .
630 2995 948 3055 terminari.
1030 2996 1093 3054 Si
1120 2997 1450 3055 Germanos
1492 2993 1545 3032 ⁸⁷
1566 2992 1625 3052 in
1652 2993 1852 3053 Gallia
1881 2994 2124 3051 transire
2151 2991 2227 3051 ad
2255 2992 2521 3071 injuriam
2551 2994 2826 3066 traheret,

627 3109 737 3150 cur
760 3091 949 3152 minus
976 3092 1324 3169 injuriosum
1350 3092 1600 3152 duceret
1623 3100 1782 3150 trans
1828 3090 2018 3149 Rheni
2053 3099 2241 3149 metas
2282 3091 2587 3170 imperium
2631 3101 2829 3151 exten·

626 3186 810 3249 dere!
849 3188 983 3268 [70]
1025 3190 1398 3267 Quamquam
1446 3186 1761 3248 barbarica
1805 3188 1914 3248 ista
1961 3187 2265 3267 responsio
2307 3189 2524 3249 coloris
2579 3188 2828 3250 fortasse

630 3284 878 3357 ⁸⁸aliud,
908 3287 1009 3346 sed
1040 3286 1120 3344 nil
1149 3286 1382 3365 penitus
1408 3285 1645 3346 rationis
1674 3285 1963 3358 habuerit,
1995 3306 2111 3347 non
2152 3286 2308 3346 enirn
2351 3295 2509 3347 trans
2555 3287 2826 3347 Rhenum

624 3380 932 3461 imperium
961 3383 1288 3462 petebatur,
1317 3384 1419 3443 sed
1448 3393 1514 3444 ut
1539 3384 1625 3444 cis
1656 3385 1923 3444 Rhenum
1952 3383 2230 3463 injuriose
2259 3392 2424 3463 gesta
2450 3383 2825 3462 punirentur:

631 3479 739 3543 nisi
769 3480 922 3541 forte
947 3480 1060 3540 sibi
1098 3482 1153 3517 ⁸⁹
1166 3480 1460 3541 bai-bareis
1488 3481 1738 3542 insolens
1765 3483 2107 3561 usurpabat,
2149 3492 2216 3543 ut
2263 3482 2364 3560 qui
2411 3482 2487 3541 ad
2536 3500 2663 3541 eam
2692 3500 2833 3542 con-

628 3575 936 3658 fugissent,
977 3577 1338 3639 inviolabiles
1366 3577 1734 3651 haberentur,
1778 3577 1943 3658 ⁹⁰qui
1969 3579 2131 3640 brevi
2161 3600 2282 3641 non
2309 3582 2486 3640 modo
2514 3580 2679 3652 alios,
2723 3578 2826 3640 sed

628 3674 885 3755 seipsam
912 3676 1131 3736 salvam
1154 3675 1345 3737 facere
1372 3693 1489 3735 non
1518 3675 1730 3755 potuit.
1813 3677 2044 3737 Certius
2071 3685 2214 3749 ent,
2241 3677 2516 3756 quoniam
2545 3676 2689 3737 Ubii
2723 3677 2832 3737 soli

630 3790 708 3833 ex
732 3773 1195 3833 Transrhenanis
1224 3775 1621 3834 Romanorum
1651 3772 1710 3832 in
1735 3774 2045 3834 amicitiam
2093 3774 2313 3852 recepti
2355 3773 2832 3834 affectuosissime

636 3872 1050 3949 precabantur,
1077 3884 1144 3934 ut
1168 3873 1250 3933 eis
1279 3873 1579 3934 Romanus
1623 3873 1938 3953 imperator
1981 3874 2255 3934 adm-sus
2283 3875 2525 3946 Suevos,
2570 3880 2669 3933 aut
2697 3872 2832 3932 mit-

704 4103 787 4153 8⁴,
814 4100 990 4165 Forte,
1034 4086 1337 4152 Mosae—86
1389 4103 1550 4168 Lege,
1591 4105 2084 4169 quadragena—86
2135 4103 2315 4164 Forte,
2360 4104 2606 4164 secum
2657 4110 2836 4148 mn·

636 4185 769 4232 -87
805 4182 962 4249 Lege,
996 4182 1052 4234 in
1089 4183 1451 4238 Gauium—ss
1480 4186 1645 4254 Lege,
1675 4185 2009 4252 aliqua—so
2037 4184 2204 4249 Lege,
2252 4180 2639 4233 bobia—00
2672 4177 2834 4243 lnge,

640 4277 750 4327 qua.
