<?xml version="1.0" encoding="UTF-8"?>
<!DOCTYPE html PUBLIC "-//W3C//DTD XHTML 1.0 Transitional//EN"
    "http://www.w3.org/TR/xhtml1/DTD/xhtml1-transitional.dtd">
<html xmlns="http://www.w3.org/1999/xhtml" xml:lang="en" lang="en">
 <head>
  <title>
</title>
<meta http-equiv="Content-Type" content="text/html;charset=utf-8" />
  <meta name='ocr-system' content='tesseract 3.04.00' />
  <meta name='ocr-capabilities' content='ocr_page ocr_carea ocr_par ocr_line ocrx_word'/>
</head>
<body>
  <div class='ocr_page' id='page_1' title='image "./cjuliicaesariso00caesgoog/cjuliicaesariso00caesgoog_0160.png"; bbox 0 0 3117 5025; ppageno 0'>
   <div class='ocr_carea' id='block_1_1' title="bbox 590 373 2156 452">
    <p class='ocr_par' dir='ltr' id='par_1_1' title="bbox 590 373 2156 452">
     <span class='ocr_line' id='line_1_1' title="bbox 590 373 2156 452; baseline -0.002 -9"><span class='ocrx_word' id='word_1_1' title='bbox 590 373 765 443; x_wconf 76' lang='lat'>1832</span> <span class='ocrx_word' id='word_1_2' title='bbox 872 446 878 452; x_wconf 54' lang='grc'><em>,</em></span> <span class='ocrx_word' id='word_1_3' title='bbox 1253 387 1312 437; x_wconf 76' lang='lat' dir='ltr'><strong>s.</strong></span> <span class='ocrx_word' id='word_1_4' title='bbox 1357 387 1572 438; x_wconf 67' lang='lat' dir='ltr'><strong>cenat</strong></span> <span class='ocrx_word' id='word_1_5' title='bbox 1618 389 2156 440; x_wconf 66' lang='lat' dir='ltr'><strong>corruam-Amr</strong></span> 
     </span>
    </p>
   </div>
   <div class='ocr_carea' id='block_1_2' title="bbox 522 539 2829 4142">
    <p class='ocr_par' dir='ltr' id='par_1_2' title="bbox 522 539 2829 4142">
     <span class='ocr_line' id='line_1_2' title="bbox 596 539 2819 619; baseline 0.002 -14"><span class='ocrx_word' id='word_1_6' title='bbox 596 563 773 605; x_wconf 88' lang='lat' dir='ltr'><strong>rone:</strong></span> <span class='ocrx_word' id='word_1_7' title='bbox 828 541 905 603; x_wconf 87' lang='lat' dir='ltr'><strong>de</strong></span> <span class='ocrx_word' id='word_1_8' title='bbox 933 539 1150 619; x_wconf 85' lang='lat' dir='ltr'><strong>quibus</strong></span> <span class='ocrx_word' id='word_1_9' title='bbox 1178 548 1300 599; x_wconf 87' lang='lat' dir='ltr'><strong>tam</strong></span> <span class='ocrx_word' id='word_1_10' title='bbox 1329 539 1710 619; x_wconf 81' lang='lat' dir='ltr'><strong>contemptim</strong></span> <span class='ocrx_word' id='word_1_11' title='bbox 1741 541 2031 601; x_wconf 77' lang='lat' dir='ltr'>sentiebat</span> <span class='ocrx_word' id='word_1_12' title='bbox 2057 550 2144 615; x_wconf 91' lang='lat' dir='ltr'><strong>ut,</strong></span> <span class='ocrx_word' id='word_1_13' title='bbox 2187 549 2450 604; x_wconf 86' lang='lat' dir='ltr'><strong>moturus</strong></span> <span class='ocrx_word' id='word_1_14' title='bbox 2489 544 2639 607; x_wconf 86' lang='lat' dir='ltr'><strong>inter</strong></span> <span class='ocrx_word' id='word_1_15' title='bbox 2678 567 2819 611; x_wconf 86' lang='lat' dir='ltr'><strong>suos</strong></span> 
     </span>
     <span class='ocr_line' id='line_1_3' title="bbox 593 637 2820 711; baseline 0.003 -10"><span class='ocrx_word' id='word_1_16' title='bbox 593 641 814 701; x_wconf 88' lang='lat' dir='ltr'><strong>diceret</strong></span> <span class='ocrx_word' id='word_1_17' title='bbox 834 663 850 711; x_wconf 76' lang='lat'><em>3</em></span> <span class='ocrx_word' id='word_1_18' title='bbox 899 647 915 673; x_wconf 81' lang='lat'><em>⁶</em></span> <span class='ocrx_word' id='word_1_19' title='bbox 936 637 1103 698; x_wconf 90' lang='lat' dir='ltr'><strong>Vado</strong></span> <span class='ocrx_word' id='word_1_20' title='bbox 1122 637 1200 698; x_wconf 91' lang='lat' dir='ltr'><strong>ad</strong></span> <span class='ocrx_word' id='word_1_21' title='bbox 1228 637 1550 697; x_wconf 75' lang='lat' dir='ltr'><strong>exercitum</strong></span> <span class='ocrx_word' id='word_1_22' title='bbox 1580 638 1703 697; x_wconf 86' lang='lat' dir='ltr'><strong>sine</strong></span> <span class='ocrx_word' id='word_1_23' title='bbox 1727 637 1903 710; x_wconf 89' lang='lat' dir='ltr'><strong>duce,</strong></span> <span class='ocrx_word' id='word_1_24' title='bbox 1923 657 2061 699; x_wconf 84' lang='lat' dir='ltr'><strong>mox</strong></span> <span class='ocrx_word' id='word_1_25' title='bbox 2081 649 2334 701; x_wconf 87' lang='lat' dir='ltr'><strong>revertar</strong></span> <span class='ocrx_word' id='word_1_26' title='bbox 2349 641 2426 701; x_wconf 85' lang='lat' dir='ltr'><strong>ad</strong></span> <span class='ocrx_word' id='word_1_27' title='bbox 2456 641 2673 704; x_wconf 86' lang='lat' dir='ltr'><strong>ducem</strong></span> <span class='ocrx_word' id='word_1_28' title='bbox 2694 645 2820 707; x_wconf 86' lang='lat' dir='ltr'><strong>sine</strong></span> 
     </span>
     <span class='ocr_line' id='line_1_4' title="bbox 592 734 2820 816; baseline 0.003 -18"><span class='ocrx_word' id='word_1_29' title='bbox 592 738 855 799; x_wconf 78' lang='lat' dir='ltr'><strong>exercitu</strong></span> <span class='ocrx_word' id='word_1_30' title='bbox 876 741 911 796; x_wconf 71' lang='grc' dir='ltr'><strong>ε’</strong></span> <span class='ocrx_word' id='word_1_31' title='bbox 957 737 1129 816; x_wconf 84' lang='grc'>[190]</span> <span class='ocrx_word' id='word_1_32' title='bbox 1169 755 1241 795; x_wconf 91' lang='lat' dir='ltr'><strong>eo</strong></span> <span class='ocrx_word' id='word_1_33' title='bbox 1283 754 1422 795; x_wconf 81' lang='lat' dir='ltr'><strong>vero</strong></span> <span class='ocrx_word' id='word_1_34' title='bbox 1451 734 1737 813; x_wconf 82' lang='lat' dir='ltr'><strong>pergenti,</strong></span> <span class='ocrx_word' id='word_1_35' title='bbox 1771 735 2035 795; x_wconf 81' lang='lat' dir='ltr'>Massilia</span> <span class='ocrx_word' id='word_1_36' title='bbox 2064 736 2351 798; x_wconf 72' lang='lat' dir='ltr'><strong>foederata</strong></span> <span class='ocrx_word' id='word_1_37' title='bbox 2387 739 2614 812; x_wconf 87' lang='lat' dir='ltr'><strong>civitas,</strong></span> <span class='ocrx_word' id='word_1_38' title='bbox 2648 752 2711 804; x_wconf 91' lang='lat' dir='ltr'><strong>et</strong></span> <span class='ocrx_word' id='word_1_39' title='bbox 2738 743 2820 804; x_wconf 88' lang='lat' dir='ltr'><strong>ab</strong></span> 
     </span>
     <span class='ocr_line' id='line_1_5' title="bbox 596 823 2824 916; baseline 0.003 -21"><span class='ocrx_word' id='word_1_40' title='bbox 596 834 729 916; x_wconf 85' lang='lat' dir='ltr'><strong>ipso</strong></span> <span class='ocrx_word' id='word_1_41' title='bbox 754 833 1048 914; x_wconf 82' lang='lat' dir='ltr'><strong>principio</strong></span> <span class='ocrx_word' id='word_1_42' title='bbox 1066 832 1346 892; x_wconf 87' lang='lat' dir='ltr'><strong>Romanis</strong></span> <span class='ocrx_word' id='word_1_43' title='bbox 1374 832 1757 904; x_wconf 86' lang='lat' dir='ltr'><strong>amicissima;</strong></span> <span class='ocrx_word' id='word_1_44' title='bbox 1791 823 1918 894; x_wconf 47' lang='lat' dir='ltr'><strong>&#39;non</strong></span> <span class='ocrx_word' id='word_1_45' title='bbox 1947 836 2035 894; x_wconf 87' lang='lat' dir='ltr'><strong>sui</strong></span> <span class='ocrx_word' id='word_1_46' title='bbox 2064 834 2224 909; x_wconf 87' lang='lat' dir='ltr'><strong>odio,</strong></span> <span class='ocrx_word' id='word_1_47' title='bbox 2248 836 2348 896; x_wconf 86' lang='lat' dir='ltr'><strong>sed</strong></span> <span class='ocrx_word' id='word_1_48' title='bbox 2375 838 2593 916; x_wconf 79' lang='lat' dir='ltr'>ingenti</span> <span class='ocrx_word' id='word_1_49' title='bbox 2620 840 2824 902; x_wconf 83' lang='lat' dir='ltr'><strong>studio</strong></span> 
     </span>
     <span class='ocr_line' id='line_1_6' title="bbox 597 925 2822 1012; baseline 0.003 -17"><span class='ocrx_word' id='word_1_50' title='bbox 597 935 673 996; x_wconf 84' lang='lat' dir='ltr'><strong>R.</strong></span> <span class='ocrx_word' id='word_1_51' title='bbox 699 934 768 994; x_wconf 88' lang='grc' dir='ltr'><strong>Ρ.</strong></span> <span class='ocrx_word' id='word_1_52' title='bbox 794 942 996 1012; x_wconf 87' lang='lat' dir='ltr'><strong>portas</strong></span> <span class='ocrx_word' id='word_1_53' title='bbox 1040 931 1291 991; x_wconf 86' lang='lat' dir='ltr'><strong>clausit:</strong></span> <span class='ocrx_word' id='word_1_54' title='bbox 1350 949 1526 1010; x_wconf 86' lang='lat' dir='ltr'><strong>quam</strong></span> <span class='ocrx_word' id='word_1_55' title='bbox 1570 931 1666 990; x_wconf 87' lang='lat' dir='ltr'><strong>ille</strong></span> <span class='ocrx_word' id='word_1_56' title='bbox 1692 952 1829 991; x_wconf 86' lang='lat' dir='ltr'><strong>cum</strong></span> <span class='ocrx_word' id='word_1_57' title='bbox 1872 925 2180 992; x_wconf 82' lang='lat' dir='ltr'><strong>obsidione</strong></span> <span class='ocrx_word' id='word_1_58' title='bbox 2217 935 2514 1009; x_wconf 73' lang='lat' dir='ltr'>cinxisset,</span> <span class='ocrx_word' id='word_1_59' title='bbox 2560 938 2822 1002; x_wconf 85' lang='lat' dir='ltr'><strong>Decimo</strong></span> 
     </span>
     <span class='ocr_line' id='line_1_7' title="bbox 595 1029 2822 1115; baseline 0.002 -23"><span class='ocrx_word' id='word_1_60' title='bbox 595 1033 782 1092; x_wconf 87' lang='lat' dir='ltr'><strong>Bruto</strong></span> <span class='ocrx_word' id='word_1_61' title='bbox 829 1052 966 1091; x_wconf 90' lang='lat' dir='ltr'><strong>cum</strong></span> <span class='ocrx_word' id='word_1_62' title='bbox 1007 1039 1175 1110; x_wconf 86' lang='lat' dir='ltr'><strong>parte</strong></span> <span class='ocrx_word' id='word_1_63' title='bbox 1214 1029 1519 1108; x_wconf 87' lang='lat' dir='ltr'><strong>copiarum</strong></span> <span class='ocrx_word' id='word_1_64' title='bbox 1561 1030 2018 1109; x_wconf 86' lang='lat' dir='ltr'><strong>oppugnandam</strong></span> <span class='ocrx_word' id='word_1_65' title='bbox 2065 1031 2312 1109; x_wconf 79' lang='lat' dir='ltr'><strong>linquit:</strong></span> <span class='ocrx_word' id='word_1_66' title='bbox 2381 1032 2507 1113; x_wconf 88' lang='lat' dir='ltr'><strong>ipse</strong></span> <span class='ocrx_word' id='word_1_67' title='bbox 2554 1045 2822 1115; x_wconf 83' lang='lat' dir='ltr'><strong>coeptutn</strong></span> 
     </span>
     <span class='ocr_line' id='line_1_8' title="bbox 593 1127 2824 1214; baseline 0 -22"><span class='ocrx_word' id='word_1_68' title='bbox 593 1134 708 1193; x_wconf 88' lang='lat' dir='ltr'><strong>iter</strong></span> <span class='ocrx_word' id='word_1_69' title='bbox 746 1148 1048 1209; x_wconf 82' lang='lat' dir='ltr'><strong>peragens,</strong></span> <span class='ocrx_word' id='word_1_70' title='bbox 1089 1127 1164 1189; x_wconf 90' lang='lat' dir='ltr'><strong>ad</strong></span> <span class='ocrx_word' id='word_1_71' title='bbox 1217 1127 1529 1207; x_wconf 79' lang='lat' dir='ltr'><strong>Hispanias</strong></span> <span class='ocrx_word' id='word_1_72' title='bbox 1582 1129 1769 1188; x_wconf 85' lang='lat' dir='ltr'><strong>veuit:</strong></span> <span class='ocrx_word' id='word_1_73' title='bbox 1812 1129 1896 1189; x_wconf 89' lang='lat' dir='ltr'><strong>ibi</strong></span> <span class='ocrx_word' id='word_1_74' title='bbox 1939 1149 1976 1189; x_wconf 87' lang='lat' dir='ltr'><strong>a</strong></span> <span class='ocrx_word' id='word_1_75' title='bbox 2015 1130 2256 1208; x_wconf 87' lang='lat' dir='ltr'><strong>Petrejo</strong></span> <span class='ocrx_word' id='word_1_76' title='bbox 2311 1140 2373 1191; x_wconf 93' lang='lat' dir='ltr'><strong>et</strong></span> <span class='ocrx_word' id='word_1_77' title='bbox 2427 1132 2675 1193; x_wconf 84' lang='lat' dir='ltr'><strong>Afranio</strong></span> <span class='ocrx_word' id='word_1_78' title='bbox 2717 1133 2824 1214; x_wconf 90' lang='lat' dir='ltr'><strong>qui</strong></span> 
     </span>
     <span class='ocr_line' id='line_1_9' title="bbox 593 1225 2824 1308; baseline 0.002 -21"><span class='ocrx_word' id='word_1_79' title='bbox 593 1227 769 1307; x_wconf 86' lang='lat' dir='ltr'><strong>primi</strong></span> <span class='ocrx_word' id='word_1_80' title='bbox 821 1235 1216 1297; x_wconf 86' lang='lat' dir='ltr'><strong>occurrerant,</strong></span> <span class='ocrx_word' id='word_1_81' title='bbox 1274 1225 1493 1285; x_wconf 87' lang='lat' dir='ltr'><strong>bellum</strong></span> <span class='ocrx_word' id='word_1_82' title='bbox 1541 1225 1858 1305; x_wconf 85' lang='lat' dir='ltr'><strong>incipiens:</strong></span> <span class='ocrx_word' id='word_1_83' title='bbox 1920 1246 2055 1286; x_wconf 92' lang='lat' dir='ltr'><strong>cum</strong></span> <span class='ocrx_word' id='word_1_84' title='bbox 2107 1228 2268 1286; x_wconf 88' lang='lat' dir='ltr'><strong>nullo</strong></span> <span class='ocrx_word' id='word_1_85' title='bbox 2319 1236 2654 1308; x_wconf 89' lang='lat' dir='ltr'><strong>temporum</strong></span> <span class='ocrx_word' id='word_1_86' title='bbox 2699 1231 2824 1291; x_wconf 78' lang='lat' dir='ltr'><strong>dis-</strong></span> 
     </span>
     <span class='ocr_line' id='line_1_10' title="bbox 594 1322 2823 1404; baseline 0.001 -19"><span class='ocrx_word' id='word_1_87' title='bbox 594 1324 835 1386; x_wconf 80' lang='lat' dir='ltr'><strong>crimine</strong></span> <span class='ocrx_word' id='word_1_88' title='bbox 861 1342 1030 1404; x_wconf 85' lang='lat' dir='ltr'><strong>aeque</strong></span> <span class='ocrx_word' id='word_1_89' title='bbox 1072 1322 1169 1383; x_wconf 89' lang='lat' dir='ltr'><strong>die</strong></span> <span class='ocrx_word' id='word_1_90' title='bbox 1206 1342 1278 1382; x_wconf 86' lang='lat' dir='ltr'><strong>ac</strong></span> <span class='ocrx_word' id='word_1_91' title='bbox 1305 1331 1481 1382; x_wconf 89' lang='lat' dir='ltr'><strong>nocte</strong></span> <span class='ocrx_word' id='word_1_92' title='bbox 1524 1323 1727 1384; x_wconf 83' lang='lat' dir='ltr'><strong>hostes</strong></span> <span class='ocrx_word' id='word_1_93' title='bbox 1756 1324 2191 1403; x_wconf 77' lang='lat' dir='ltr'><strong>aggrederetur,</strong></span> <span class='ocrx_word' id='word_1_94' title='bbox 2243 1325 2550 1385; x_wconf 79' lang='lat' dir='ltr'><strong>consilium</strong></span> <span class='ocrx_word' id='word_1_95' title='bbox 2593 1325 2823 1389; x_wconf 83' lang='lat' dir='ltr'><strong>ducum</strong></span> 
     </span>
     <span class='ocr_line' id='line_1_11' title="bbox 591 1415 2822 1504; baseline 0 -20"><span class='ocrx_word' id='word_1_96' title='bbox 591 1422 725 1495; x_wconf 84' lang='lat' dir='ltr'><strong>fuit,</strong></span> <span class='ocrx_word' id='word_1_97' title='bbox 756 1442 828 1481; x_wconf 91' lang='lat' dir='ltr'><strong>ne</strong></span> <span class='ocrx_word' id='word_1_98' title='bbox 871 1420 1174 1480; x_wconf 83' lang='lat' dir='ltr'><strong>nocturnis</strong></span> <span class='ocrx_word' id='word_1_99' title='bbox 1217 1420 1372 1480; x_wconf 89' lang='lat' dir='ltr'><strong>horis</strong></span> <span class='ocrx_word' id='word_1_100' title='bbox 1399 1419 1718 1498; x_wconf 88' lang='lat' dir='ltr'><strong>aliquando</strong></span> <span class='ocrx_word' id='word_1_101' title='bbox 1744 1429 2092 1501; x_wconf 79' lang='lat' dir='ltr'><strong>pugnarent,</strong></span> <span class='ocrx_word' id='word_1_102' title='bbox 2143 1424 2305 1502; x_wconf 90' lang='lat' dir='ltr'><strong>quod</strong></span> <span class='ocrx_word' id='word_1_103' title='bbox 2350 1431 2491 1484; x_wconf 90' lang='lat' dir='ltr'><strong>tunc</strong></span> <span class='ocrx_word' id='word_1_104' title='bbox 2513 1415 2713 1504; x_wconf 48' lang='lat' dir='ltr'><strong>‘pavor</strong></span> <span class='ocrx_word' id='word_1_105' title='bbox 2735 1424 2822 1487; x_wconf 84' lang='lat' dir='ltr'><strong>ad</strong></span> 
     </span>
     <span class='ocr_line' id='line_1_12' title="bbox 595 1517 2829 1600; baseline 0.003 -23"><span class='ocrx_word' id='word_1_106' title='bbox 595 1517 885 1600; x_wconf 85' lang='lat' dir='ltr'><strong>ignaviam</strong></span> <span class='ocrx_word' id='word_1_107' title='bbox 912 1517 1208 1596; x_wconf 59' lang='lat' dir='ltr'><strong>impetun</strong></span> <span class='ocrx_word' id='word_1_108' title='bbox 1239 1537 1347 1577; x_wconf 90' lang='lat' dir='ltr'><strong>nec</strong></span> <span class='ocrx_word' id='word_1_109' title='bbox 1375 1517 1468 1589; x_wconf 85' lang='lat' dir='ltr'><strong>sit,</strong></span> <span class='ocrx_word' id='word_1_110' title='bbox 1498 1519 1601 1597; x_wconf 92' lang='lat' dir='ltr'><strong>qui</strong></span> <span class='ocrx_word' id='word_1_111' title='bbox 1627 1520 1918 1580; x_wconf 84' lang='lat' dir='ltr'><strong>submotis</strong></span> <span class='ocrx_word' id='word_1_112' title='bbox 1942 1520 2191 1580; x_wconf 87' lang='lat' dir='ltr'><strong>testibus</strong></span> <span class='ocrx_word' id='word_1_113' title='bbox 2220 1522 2550 1581; x_wconf 89' lang='lat' dir='ltr'><strong>concitatos</strong></span> <span class='ocrx_word' id='word_1_114' title='bbox 2578 1534 2829 1585; x_wconf 81' lang='lat' dir='ltr'><strong>revocet</strong></span> 
     </span>
     <span class='ocr_line' id='line_1_13' title="bbox 597 1607 2828 1698; baseline 0.001 -20"><span class='ocrx_word' id='word_1_115' title='bbox 597 1628 778 1697; x_wconf 91' lang='lat' dir='ltr'><strong>atque</strong></span> <span class='ocrx_word' id='word_1_116' title='bbox 826 1607 1162 1688; x_wconf 67' lang='lat' dir='ltr'><strong>contineatg</strong></span> <span class='ocrx_word' id='word_1_117' title='bbox 1217 1616 1349 1676; x_wconf 85' lang='lat' dir='ltr'><strong>luce</strong></span> <span class='ocrx_word' id='word_1_118' title='bbox 1394 1616 1691 1695; x_wconf 84' lang='lat' dir='ltr'><strong>pudorem</strong></span> <span class='ocrx_word' id='word_1_119' title='bbox 1746 1617 2004 1688; x_wconf 87' lang='lat' dir='ltr'><strong>obstare,</strong></span> <span class='ocrx_word' id='word_1_120' title='bbox 2058 1627 2121 1677; x_wconf 91' lang='lat' dir='ltr'><strong>et</strong></span> <span class='ocrx_word' id='word_1_121' title='bbox 2167 1618 2386 1679; x_wconf 89' lang='lat' dir='ltr'><strong>ducum</strong></span> <span class='ocrx_word' id='word_1_122' title='bbox 2443 1618 2712 1698; x_wconf 89' lang='lat' dir='ltr'><strong>imperio,</strong></span> <span class='ocrx_word' id='word_1_123' title='bbox 2762 1615 2828 1685; x_wconf 76' lang='lat' dir='ltr'><strong>et</strong></span> 
     </span>
     <span class='ocr_line' id='line_1_14' title="bbox 592 1715 2826 1797; baseline 0.003 -22"><span class='ocrx_word' id='word_1_124' title='bbox 592 1716 850 1797; x_wconf 86' lang='lat' dir='ltr'><strong>potentia</strong></span> <span class='ocrx_word' id='word_1_125' title='bbox 876 1716 1245 1775; x_wconf 75' lang='lat' dir='ltr'><strong>tribunorum</strong></span> <span class='ocrx_word' id='word_1_126' title='bbox 1285 1726 1465 1794; x_wconf 89' lang='lat' dir='ltr'><strong>atque</strong></span> <span class='ocrx_word' id='word_1_127' title='bbox 1514 1716 1923 1776; x_wconf 84' lang='lat' dir='ltr'><strong>centurionum</strong></span> <span class='ocrx_word' id='word_1_128' title='bbox 1966 1715 2218 1789; x_wconf 79' lang='lat' dir='ltr'><strong>fraenari,</strong></span> <span class='ocrx_word' id='word_1_129' title='bbox 2248 1725 2311 1776; x_wconf 90' lang='lat' dir='ltr'><strong>et</strong></span> <span class='ocrx_word' id='word_1_130' title='bbox 2349 1716 2426 1776; x_wconf 88' lang='lat' dir='ltr'><strong>ad</strong></span> <span class='ocrx_word' id='word_1_131' title='bbox 2454 1716 2733 1779; x_wconf 83' lang='lat' dir='ltr'><strong>virtutem</strong></span> <span class='ocrx_word' id='word_1_132' title='bbox 2762 1730 2826 1782; x_wconf 88' lang='lat' dir='ltr'><strong>et</strong></span> 
     </span>
     <span class='ocr_line' id='line_1_15' title="bbox 592 1812 2827 1892; baseline 0.002 -18"><span class='ocrx_word' id='word_1_133' title='bbox 592 1814 671 1874; x_wconf 89' lang='lat' dir='ltr'><strong>ad</strong></span> <span class='ocrx_word' id='word_1_134' title='bbox 699 1812 879 1874; x_wconf 88' lang='lat' dir='ltr'><strong>fidem</strong></span> <span class='ocrx_word' id='word_1_135' title='bbox 907 1812 1138 1884; x_wconf 85' lang='lat' dir='ltr'><strong>retrahi,</strong></span> <span class='ocrx_word' id='word_1_136' title='bbox 1168 1821 1236 1872; x_wconf 91' lang='lat' dir='ltr'><strong>ut</strong></span> <span class='ocrx_word' id='word_1_137' title='bbox 1262 1822 1473 1873; x_wconf 88' lang='lat' dir='ltr'><strong>contra</strong></span> <span class='ocrx_word' id='word_1_138' title='bbox 1501 1823 1720 1874; x_wconf 86' lang='lat' dir='ltr'><strong>metum</strong></span> <span class='ocrx_word' id='word_1_139' title='bbox 1751 1823 2118 1892; x_wconf 87' lang='lat' dir='ltr'><strong>mortemque</strong></span> <span class='ocrx_word' id='word_1_140' title='bbox 2147 1813 2550 1876; x_wconf 83' lang='lat' dir='ltr'><strong>consisterent.</strong></span> <span class='ocrx_word' id='word_1_141' title='bbox 2635 1817 2827 1880; x_wconf 81' lang='lat' dir='ltr'><strong>Coete-</strong></span> 
     </span>
     <span class='ocr_line' id='line_1_16' title="bbox 595 1910 2825 1991; baseline 0.002 -19"><span class='ocrx_word' id='word_1_142' title='bbox 595 1932 724 1972; x_wconf 87' lang='lat' dir='ltr'><strong>rum</strong></span> <span class='ocrx_word' id='word_1_143' title='bbox 752 1910 876 1971; x_wconf 87' lang='lat' dir='ltr'><strong>fato</strong></span> <span class='ocrx_word' id='word_1_144' title='bbox 899 1931 990 1972; x_wconf 87' lang='lat' dir='ltr'><strong>res</strong></span> <span class='ocrx_word' id='word_1_145' title='bbox 1019 1910 1261 1972; x_wconf 81' lang='lat' dir='ltr'><strong>bellicas</strong></span> <span class='ocrx_word' id='word_1_146' title='bbox 1289 1912 1583 1982; x_wconf 82' lang='lat' dir='ltr'><strong>volvente,</strong></span> <span class='ocrx_word' id='word_1_147' title='bbox 1610 1911 1688 1971; x_wconf 86' lang='lat' dir='ltr'><strong>ad</strong></span> <span class='ocrx_word' id='word_1_148' title='bbox 1721 1912 1969 1973; x_wconf 76' lang='lat' dir='ltr'><strong>Ilerdam</strong></span> <span class='ocrx_word' id='word_1_149' title='bbox 1998 1912 2288 1991; x_wconf 81' lang='lat' dir='ltr'><strong>compulsi</strong></span> <span class='ocrx_word' id='word_1_150' title='bbox 2319 1913 2536 1973; x_wconf 84' lang='lat' dir='ltr'><strong>hostes.</strong></span> <span class='ocrx_word' id='word_1_151' title='bbox 2623 1915 2825 1976; x_wconf 78' lang='lat' dir='ltr'><strong>Caesar</strong></span> 
     </span>
     <span class='ocr_line' id='line_1_17' title="bbox 594 2009 2825 2089; baseline 0 -21"><span class='ocrx_word' id='word_1_152' title='bbox 594 2029 734 2069; x_wconf 81' lang='lat' dir='ltr'><strong>vero</strong></span> <span class='ocrx_word' id='word_1_153' title='bbox 765 2009 1026 2069; x_wconf 83' lang='lat' dir='ltr'><strong>maximis</strong></span> <span class='ocrx_word' id='word_1_154' title='bbox 1052 2009 1357 2081; x_wconf 87' lang='lat' dir='ltr'><strong>imbribus,</strong></span> <span class='ocrx_word' id='word_1_155' title='bbox 1388 2020 1450 2070; x_wconf 89' lang='lat' dir='ltr'><strong>et</strong></span> <span class='ocrx_word' id='word_1_156' title='bbox 1476 2010 1702 2070; x_wconf 79' lang='lat' dir='ltr'><strong>diluvio</strong></span> <span class='ocrx_word' id='word_1_157' title='bbox 1729 2030 2037 2089; x_wconf 88' lang='lat' dir='ltr'><strong>aquarum,</strong></span> <span class='ocrx_word' id='word_1_158' title='bbox 2069 2009 2290 2089; x_wconf 85' lang='lat' dir='ltr'><strong>ingenti</strong></span> <span class='ocrx_word' id='word_1_159' title='bbox 2319 2009 2557 2089; x_wconf 83' lang='lat' dir='ltr'><strong>quidem</strong></span> <span class='ocrx_word' id='word_1_160' title='bbox 2587 2012 2671 2072; x_wconf 86' lang='lat' dir='ltr'><strong>rei</strong></span> <span class='ocrx_word' id='word_1_161' title='bbox 2703 2013 2825 2074; x_wconf 68' lang='lat' dir='ltr'><strong>fru.</strong></span> 
     </span>
     <span class='ocr_line' id='line_1_18' title="bbox 596 2105 2827 2189; baseline 0.002 -24"><span class='ocrx_word' id='word_1_162' title='bbox 596 2105 896 2166; x_wconf 77' lang='lat' dir='ltr'><strong>mentariae</strong></span> <span class='ocrx_word' id='word_1_163' title='bbox 938 2106 1139 2185; x_wconf 89' lang='lat' dir='ltr'><strong>inopia</strong></span> <span class='ocrx_word' id='word_1_164' title='bbox 1166 2106 1646 2182; x_wconf 88' lang='lat' dir='ltr'><strong>circumventus;</strong></span> <span class='ocrx_word' id='word_1_165' title='bbox 1695 2107 2090 2188; x_wconf 85' lang='lat' dir='ltr'><strong>perseveravit</strong></span> <span class='ocrx_word' id='word_1_166' title='bbox 2117 2117 2310 2167; x_wconf 90' lang='lat' dir='ltr'><strong>tamen</strong></span> <span class='ocrx_word' id='word_1_167' title='bbox 2355 2108 2416 2167; x_wconf 87' lang='lat' dir='ltr'><strong>in</strong></span> <span class='ocrx_word' id='word_1_168' title='bbox 2450 2108 2733 2189; x_wconf 67' lang='lat' dir='ltr'><strong>incoepto,</strong></span> <span class='ocrx_word' id='word_1_169' title='bbox 2765 2119 2827 2170; x_wconf 89' lang='lat' dir='ltr'><strong>et</strong></span> 
     </span>
     <span class='ocr_line' id='line_1_19' title="bbox 597 2203 2825 2286; baseline 0.002 -23"><span class='ocrx_word' id='word_1_170' title='bbox 597 2223 799 2264; x_wconf 86' lang='lat' dir='ltr'><strong>omnes</strong></span> <span class='ocrx_word' id='word_1_171' title='bbox 827 2203 1205 2264; x_wconf 87' lang='lat' dir='ltr'><strong>difficultates</strong></span> <span class='ocrx_word' id='word_1_172' title='bbox 1244 2205 1369 2266; x_wconf 85' lang='lat' dir='ltr'><strong>sola</strong></span> <span class='ocrx_word' id='word_1_173' title='bbox 1414 2216 1473 2266; x_wconf 86' lang='lat' dir='ltr'><strong>et</strong></span> <span class='ocrx_word' id='word_1_174' title='bbox 1516 2207 1688 2267; x_wconf 85' lang='lat' dir='ltr'><strong>solita</strong></span> <span class='ocrx_word' id='word_1_175' title='bbox 1738 2208 1952 2268; x_wconf 83' lang='lat' dir='ltr'><strong>virtute</strong></span> <span class='ocrx_word' id='word_1_176' title='bbox 1994 2206 2309 2286; x_wconf 86' lang='lat' dir='ltr'><strong>superavit,</strong></span> <span class='ocrx_word' id='word_1_177' title='bbox 2365 2206 2557 2266; x_wconf 87' lang='lat' dir='ltr'><strong>donec</strong></span> <span class='ocrx_word' id='word_1_178' title='bbox 2587 2207 2825 2268; x_wconf 81' lang='lat' dir='ltr'><strong>tandem</strong></span> 
     </span>
     <span class='ocr_line' id='line_1_20' title="bbox 597 2298 2825 2384; baseline 0.002 -22"><span class='ocrx_word' id='word_1_179' title='bbox 597 2301 883 2362; x_wconf 83' lang='lat' dir='ltr'><strong>abeuntes</strong></span> <span class='ocrx_word' id='word_1_180' title='bbox 913 2298 1169 2362; x_wconf 82' lang='lat' dir='ltr'><strong>⁷⁸sceleri</strong></span> <span class='ocrx_word' id='word_1_181' title='bbox 1197 2312 1376 2382; x_wconf 88' lang='lat' dir='ltr'><strong>atque</strong></span> <span class='ocrx_word' id='word_1_182' title='bbox 1402 2303 1571 2365; x_wconf 89' lang='lat' dir='ltr'><strong>arido</strong></span> <span class='ocrx_word' id='word_1_183' title='bbox 1600 2306 1657 2363; x_wconf 93' lang='lat' dir='ltr'><strong>in</strong></span> <span class='ocrx_word' id='word_1_184' title='bbox 1690 2313 1888 2364; x_wconf 84' lang='lat' dir='ltr'><strong>moute</strong></span> <span class='ocrx_word' id='word_1_185' title='bbox 1930 2304 2320 2383; x_wconf 83' lang='lat' dir='ltr'><strong>deprehensos</strong></span> <span class='ocrx_word' id='word_1_186' title='bbox 2360 2304 2613 2375; x_wconf 88' lang='lat' dir='ltr'><strong>obsedit,</strong></span> <span class='ocrx_word' id='word_1_187' title='bbox 2642 2315 2825 2384; x_wconf 86' lang='lat' dir='ltr'><strong>atque</strong></span> 
     </span>
     <span class='ocr_line' id='line_1_21' title="bbox 596 2391 2827 2481; baseline 0.002 -24"><span class='ocrx_word' id='word_1_188' title='bbox 596 2396 683 2458; x_wconf 84' lang='lat' dir='ltr'><strong>ita</strong></span> <span class='ocrx_word' id='word_1_189' title='bbox 704 2398 1114 2474; x_wconf 87' lang='lat' dir='ltr'><strong>circumdedit,</strong></span> <span class='ocrx_word' id='word_1_190' title='bbox 1144 2409 1210 2459; x_wconf 93' lang='lat' dir='ltr'><strong>ut</strong></span> <span class='ocrx_word' id='word_1_191' title='bbox 1229 2391 1422 2461; x_wconf 80' lang='lat' dir='ltr'><strong>nullus</strong></span> <span class='ocrx_word' id='word_1_192' title='bbox 1443 2400 1521 2460; x_wconf 87' lang='lat' dir='ltr'><strong>ad</strong></span> <span class='ocrx_word' id='word_1_193' title='bbox 1550 2401 1752 2480; x_wconf 82' lang='lat' dir='ltr'><strong>fugam</strong></span> <span class='ocrx_word' id='word_1_194' title='bbox 1780 2400 1966 2460; x_wconf 80' lang='lat' dir='ltr'><strong>exitus</strong></span> <span class='ocrx_word' id='word_1_195' title='bbox 1982 2410 2207 2481; x_wconf 88' lang='lat' dir='ltr'><strong>pateret</strong></span> <span class='ocrx_word' id='word_1_196' title='bbox 2229 2424 2246 2471; x_wconf 71' lang='grc' dir='ltr'>ς</span> <span class='ocrx_word' id='word_1_197' title='bbox 2278 2420 2392 2480; x_wconf 88' lang='lat' dir='ltr'><strong>qua</strong></span> <span class='ocrx_word' id='word_1_198' title='bbox 2414 2400 2827 2480; x_wconf 81' lang='lat' dir='ltr'><strong>desperatione</strong></span> 
     </span>
     <span class='ocr_line' id='line_1_22' title="bbox 598 2487 2828 2582; baseline 0.002 -24"><span class='ocrx_word' id='word_1_199' title='bbox 598 2487 774 2582; x_wconf 79' lang='lat' dir='ltr'><strong>pulsi,</strong></span> <span class='ocrx_word' id='word_1_200' title='bbox 805 2519 943 2559; x_wconf 89' lang='lat' dir='ltr'><strong>cum</strong></span> <span class='ocrx_word' id='word_1_201' title='bbox 973 2498 1126 2560; x_wconf 73' lang='lat' dir='ltr'><strong>fame</strong></span> <span class='ocrx_word' id='word_1_202' title='bbox 1153 2507 1214 2559; x_wconf 89' lang='lat' dir='ltr'><strong>et</strong></span> <span class='ocrx_word' id='word_1_203' title='bbox 1242 2498 1340 2561; x_wconf 87' lang='lat' dir='ltr'><strong>siti</strong></span> <span class='ocrx_word' id='word_1_204' title='bbox 1369 2498 1578 2561; x_wconf 80' lang='lat' dir='ltr'><strong>ultima</strong></span> <span class='ocrx_word' id='word_1_205' title='bbox 1604 2508 2022 2581; x_wconf 86' lang='lat' dir='ltr'><strong>premerentur,</strong></span> <span class='ocrx_word' id='word_1_206' title='bbox 2051 2519 2208 2578; x_wconf 81' lang='lat' dir='ltr'><strong>saepe</strong></span> <span class='ocrx_word' id='word_1_207' title='bbox 2243 2499 2548 2577; x_wconf 82' lang='lat' dir='ltr'><strong>erumpere</strong></span> <span class='ocrx_word' id='word_1_208' title='bbox 2587 2510 2650 2560; x_wconf 88' lang='lat' dir='ltr'><strong>et</strong></span> <span class='ocrx_word' id='word_1_209' title='bbox 2680 2501 2828 2563; x_wconf 90' lang='lat' dir='ltr'><strong>mori</strong></span> 
     </span>
     <span class='ocr_line' id='line_1_23' title="bbox 522 2594 2824 2676; baseline 0 -18"><span class='ocrx_word' id='word_1_210' title='bbox 522 2644 530 2663; x_wconf 89' lang='lat'><strong><em>.</em></strong></span> <span class='ocrx_word' id='word_1_211' title='bbox 601 2600 935 2659; x_wconf 79' lang='lat' dir='ltr'><strong>voluerunt.</strong></span> <span class='ocrx_word' id='word_1_212' title='bbox 1022 2594 1256 2666; x_wconf 82' lang='lat' dir='ltr'><strong>Quibus</strong></span> <span class='ocrx_word' id='word_1_213' title='bbox 1287 2599 1487 2658; x_wconf 80' lang='lat' dir='ltr'><strong>Caesar</strong></span> <span class='ocrx_word' id='word_1_214' title='bbox 1513 2607 1721 2658; x_wconf 89' lang='lat' dir='ltr'><strong>contra</strong></span> <span class='ocrx_word' id='word_1_215' title='bbox 1744 2617 1916 2658; x_wconf 88' lang='lat' dir='ltr'><strong>suum</strong></span> <span class='ocrx_word' id='word_1_216' title='bbox 1942 2617 2159 2657; x_wconf 83' lang='lat' dir='ltr'><strong>morem</strong></span> <span class='ocrx_word' id='word_1_217' title='bbox 2196 2615 2410 2676; x_wconf 76' lang='lat' dir='ltr'><strong>pugnae</strong></span> <span class='ocrx_word' id='word_1_218' title='bbox 2440 2595 2674 2674; x_wconf 87' lang='lat' dir='ltr'><strong>copiam</strong></span> <span class='ocrx_word' id='word_1_219' title='bbox 2703 2618 2824 2660; x_wconf 87' lang='lat' dir='ltr'><strong>non</strong></span> 
     </span>
     <span class='ocr_line' id='line_1_24' title="bbox 599 2692 2824 2774; baseline -0 -17"><span class='ocrx_word' id='word_1_220' title='bbox 599 2696 764 2768; x_wconf 84' lang='lat' dir='ltr'><strong>fecit,</strong></span> <span class='ocrx_word' id='word_1_221' title='bbox 810 2695 914 2755; x_wconf 88' lang='lat' dir='ltr'><strong>sed</strong></span> <span class='ocrx_word' id='word_1_222' title='bbox 957 2694 1112 2755; x_wconf 88' lang='lat' dir='ltr'><strong>intra</strong></span> <span class='ocrx_word' id='word_1_223' title='bbox 1157 2694 1507 2755; x_wconf 88' lang='lat' dir='ltr'><strong>munitiones</strong></span> <span class='ocrx_word' id='word_1_224' title='bbox 1554 2715 1734 2774; x_wconf 86' lang='lat' dir='ltr'><strong>seque</strong></span> <span class='ocrx_word' id='word_1_225' title='bbox 1782 2713 2039 2773; x_wconf 87' lang='lat' dir='ltr'><strong>suosque</strong></span> <span class='ocrx_word' id='word_1_226' title='bbox 2081 2693 2404 2754; x_wconf 84' lang='lat' dir='ltr'><strong>continuit:</strong></span> <span class='ocrx_word' id='word_1_227' title='bbox 2464 2692 2637 2770; x_wconf 86' lang='lat' dir='ltr'><strong>cujus</strong></span> <span class='ocrx_word' id='word_1_228' title='bbox 2681 2694 2824 2756; x_wconf 86' lang='lat' dir='ltr'><strong>facti</strong></span> 
     </span>
     <span class='ocr_line' id='line_1_25' title="bbox 600 2790 2824 2871; baseline -0.001 -16"><span class='ocrx_word' id='word_1_229' title='bbox 600 2801 763 2856; x_wconf 87' lang='lat' dir='ltr'><strong>certa</strong></span> <span class='ocrx_word' id='word_1_230' title='bbox 815 2801 940 2853; x_wconf 86' lang='lat' dir='ltr'><strong>erat</strong></span> <span class='ocrx_word' id='word_1_231' title='bbox 985 2792 1134 2852; x_wconf 87' lang='lat' dir='ltr'><strong>ratio</strong></span> <span class='ocrx_word' id='word_1_232' title='bbox 1170 2812 1187 2852; x_wconf 75' lang='lat' dir='ltr'><strong><em>z</em></strong></span> <span class='ocrx_word' id='word_1_233' title='bbox 1248 2792 1524 2871; x_wconf 78' lang='lat' dir='ltr'><strong>sperabat</strong></span> <span class='ocrx_word' id='word_1_234' title='bbox 1562 2792 1716 2851; x_wconf 87' lang='lat' dir='ltr'><strong>enim</strong></span> <span class='ocrx_word' id='word_1_235' title='bbox 1766 2812 1868 2851; x_wconf 89' lang='lat' dir='ltr'><strong>eos</strong></span> <span class='ocrx_word' id='word_1_236' title='bbox 1912 2790 1988 2850; x_wconf 89' lang='lat' dir='ltr'><strong>ad</strong></span> <span class='ocrx_word' id='word_1_237' title='bbox 2043 2803 2304 2851; x_wconf 86' lang='lat' dir='ltr'><strong>extrema</strong></span> <span class='ocrx_word' id='word_1_238' title='bbox 2345 2790 2668 2870; x_wconf 85' lang='lat' dir='ltr'><strong>perductos</strong></span> <span class='ocrx_word' id='word_1_239' title='bbox 2704 2794 2824 2853; x_wconf 88' lang='lat' dir='ltr'><strong>sine</strong></span> 
     </span>
     <span class='ocr_line' id='line_1_26' title="bbox 599 2878 2827 2971; baseline -0.001 -20"><span class='ocrx_word' id='word_1_240' title='bbox 599 2892 810 2971; x_wconf 82' lang='lat' dir='ltr'><strong>proelio</strong></span> <span class='ocrx_word' id='word_1_241' title='bbox 855 2890 1008 2950; x_wconf 86' lang='lat' dir='ltr'><strong>vinci</strong></span> <span class='ocrx_word' id='word_1_242' title='bbox 1050 2910 1262 2970; x_wconf 85' lang='lat' dir='ltr'><strong>posse:</strong></span> <span class='ocrx_word' id='word_1_243' title='bbox 1325 2910 1434 2950; x_wconf 86' lang='lat' dir='ltr'><strong>cur</strong></span> <span class='ocrx_word' id='word_1_244' title='bbox 1465 2890 1638 2969; x_wconf 86' lang='lat' dir='ltr'><strong>igitur</strong></span> <span class='ocrx_word' id='word_1_245' title='bbox 1663 2898 1768 2949; x_wconf 88' lang='lat' dir='ltr'><strong>aut</strong></span> <span class='ocrx_word' id='word_1_246' title='bbox 1809 2910 1948 2949; x_wconf 85' lang='lat' dir='ltr'><strong>suos</strong></span> <span class='ocrx_word' id='word_1_247' title='bbox 1987 2889 2209 2968; x_wconf 90' lang='lat' dir='ltr'><strong>optime</strong></span> <span class='ocrx_word' id='word_1_248' title='bbox 2236 2889 2310 2949; x_wconf 82' lang='lat' dir='ltr'><strong>de</strong></span> <span class='ocrx_word' id='word_1_249' title='bbox 2358 2910 2421 2949; x_wconf 90' lang='lat' dir='ltr'><strong>se</strong></span> <span class='ocrx_word' id='word_1_250' title='bbox 2451 2878 2686 2950; x_wconf 81' lang='lat' dir='ltr'><strong>meritos</strong></span> <span class='ocrx_word' id='word_1_251' title='bbox 2714 2890 2827 2949; x_wconf 86' lang='lat' dir='ltr'><strong>sibi</strong></span> 
     </span>
     <span class='ocr_line' id='line_1_27' title="bbox 605 2985 2826 3067; baseline -0 -18"><span class='ocrx_word' id='word_1_252' title='bbox 605 2988 978 3049; x_wconf 81' lang='lat' dir='ltr'><strong>charissimos</strong></span> <span class='ocrx_word' id='word_1_253' title='bbox 1021 2987 1297 3067; x_wconf 86' lang='lat' dir='ltr'><strong>periculis</strong></span> <span class='ocrx_word' id='word_1_254' title='bbox 1344 2996 1523 3067; x_wconf 87' lang='lat' dir='ltr'><strong>atque</strong></span> <span class='ocrx_word' id='word_1_255' title='bbox 1567 2986 1899 3047; x_wconf 80' lang='lat' dir='ltr'><strong>vulneribus</strong></span> <span class='ocrx_word' id='word_1_256' title='bbox 1937 2995 2275 3066; x_wconf 86' lang='lat' dir='ltr'><strong>exponeret,</strong></span> <span class='ocrx_word' id='word_1_257' title='bbox 2325 2986 2452 3046; x_wconf 87' lang='lat' dir='ltr'><strong>sine</strong></span> <span class='ocrx_word' id='word_1_258' title='bbox 2480 2985 2714 3065; x_wconf 84' lang='lat' dir='ltr'><strong>quibus,</strong></span> <span class='ocrx_word' id='word_1_259' title='bbox 2759 2986 2826 3048; x_wconf 90' lang='lat' dir='ltr'><strong>ut&#39;</strong></span> 
     </span>
     <span class='ocr_line' id='line_1_28' title="bbox 602 3083 2824 3165; baseline -0.001 -20"><span class='ocrx_word' id='word_1_260' title='bbox 602 3086 864 3146; x_wconf 86' lang='lat' dir='ltr'><strong>secunda</strong></span> <span class='ocrx_word' id='word_1_261' title='bbox 895 3087 1013 3146; x_wconf 90' lang='lat' dir='ltr'><strong>sint</strong></span> <span class='ocrx_word' id='word_1_262' title='bbox 1052 3087 1277 3165; x_wconf 79' lang='lat' dir='ltr'><strong>proelia,</strong></span> <span class='ocrx_word' id='word_1_263' title='bbox 1308 3086 1550 3146; x_wconf 84' lang='lat' dir='ltr'><strong>victoria</strong></span> <span class='ocrx_word' id='word_1_264' title='bbox 1578 3087 1676 3145; x_wconf 84' lang='lat' dir='ltr'><strong>vix</strong></span> <span class='ocrx_word' id='word_1_265' title='bbox 1718 3085 1986 3163; x_wconf 86' lang='lat' dir='ltr'><strong>contigit,</strong></span> <span class='ocrx_word' id='word_1_266' title='bbox 2014 3094 2076 3145; x_wconf 91' lang='lat' dir='ltr'><strong>et</strong></span> <span class='ocrx_word' id='word_1_267' title='bbox 2117 3084 2369 3144; x_wconf 80' lang='lat' dir='ltr'><strong>sortunae</strong></span> <span class='ocrx_word' id='word_1_268' title='bbox 2411 3083 2824 3155; x_wconf 86' lang='lat' dir='ltr'><strong>committeret,</strong></span> 
     </span>
     <span class='ocr_line' id='line_1_29' title="bbox 602 3181 2826 3263; baseline -0.002 -16"><span class='ocrx_word' id='word_1_269' title='bbox 602 3182 767 3262; x_wconf 86' lang='lat' dir='ltr'><strong>quod</strong></span> <span class='ocrx_word' id='word_1_270' title='bbox 812 3185 1224 3262; x_wconf 81' lang='lat' dir='ltr'><strong>expectatione</strong></span> <span class='ocrx_word' id='word_1_271' title='bbox 1252 3203 1611 3263; x_wconf 87' lang='lat' dir='ltr'><strong>quamquam</strong></span> <span class='ocrx_word' id='word_1_272' title='bbox 1656 3183 1859 3257; x_wconf 88' lang='lat' dir='ltr'><strong>serius,</strong></span> <span class='ocrx_word' id='word_1_273' title='bbox 1892 3183 2070 3244; x_wconf 86' lang='lat' dir='ltr'><strong>tutius</strong></span> <span class='ocrx_word' id='word_1_274' title='bbox 2111 3192 2307 3243; x_wconf 88' lang='lat' dir='ltr'><strong>tamen</strong></span> <span class='ocrx_word' id='word_1_275' title='bbox 2337 3189 2554 3261; x_wconf 86' lang='lat' dir='ltr'><strong>posset,</strong></span> <span class='ocrx_word' id='word_1_276' title='bbox 2585 3198 2724 3242; x_wconf 82' lang='lat' dir='ltr'><strong>curn</strong></span> <span class='ocrx_word' id='word_1_277' title='bbox 2753 3181 2826 3242; x_wconf 88' lang='lat' dir='ltr'><strong>sit</strong></span> 
     </span>
     <span class='ocr_line' id='line_1_30' title="bbox 604 3279 2821 3360; baseline -0.001 -19"><span class='ocrx_word' id='word_1_278' title='bbox 604 3280 774 3341; x_wconf 83' lang='lat' dir='ltr'><strong>ducis</strong></span> <span class='ocrx_word' id='word_1_279' title='bbox 790 3279 1051 3340; x_wconf 85' lang='lat' dir='ltr'><strong>officium</strong></span> <span class='ocrx_word' id='word_1_280' title='bbox 1080 3299 1198 3339; x_wconf 92' lang='lat' dir='ltr'><strong>non</strong></span> <span class='ocrx_word' id='word_1_281' title='bbox 1224 3279 1412 3340; x_wconf 89' lang='lat' dir='ltr'><strong>minus</strong></span> <span class='ocrx_word' id='word_1_282' title='bbox 1442 3281 1684 3341; x_wconf 86' lang='lat' dir='ltr'><strong>consilio</strong></span> <span class='ocrx_word' id='word_1_283' title='bbox 1715 3301 1891 3360; x_wconf 87' lang='lat' dir='ltr'><strong>quam</strong></span> <span class='ocrx_word' id='word_1_284' title='bbox 1920 3280 2076 3341; x_wconf 86' lang='lat' dir='ltr'><strong>ferro</strong></span> <span class='ocrx_word' id='word_1_285' title='bbox 2095 3279 2169 3340; x_wconf 87' lang='lat' dir='ltr'><strong>ad</strong></span> <span class='ocrx_word' id='word_1_286' title='bbox 2202 3280 2501 3340; x_wconf 85' lang='lat' dir='ltr'><strong>victoriam</strong></span> <span class='ocrx_word' id='word_1_287' title='bbox 2527 3279 2821 3359; x_wconf 84' lang='lat' dir='ltr'><strong>aspirare:</strong></span> 
     </span>
     <span class='ocr_line' id='line_1_31' title="bbox 603 3375 2827 3457; baseline 0.001 -20"><span class='ocrx_word' id='word_1_288' title='bbox 603 3397 675 3437; x_wconf 83' lang='lat' dir='ltr'><strong>ex</strong></span> <span class='ocrx_word' id='word_1_289' title='bbox 705 3378 933 3439; x_wconf 87' lang='lat' dir='ltr'><strong>diverso</strong></span> <span class='ocrx_word' id='word_1_290' title='bbox 976 3384 1169 3438; x_wconf 91' lang='lat' dir='ltr'><strong>autem</strong></span> <span class='ocrx_word' id='word_1_291' title='bbox 1199 3396 1308 3437; x_wconf 87' lang='lat' dir='ltr'><strong>cur</strong></span> <span class='ocrx_word' id='word_1_292' title='bbox 1345 3397 1462 3438; x_wconf 86' lang='lat' dir='ltr'><strong>non</strong></span> <span class='ocrx_word' id='word_1_293' title='bbox 1487 3398 1588 3438; x_wconf 89' lang='lat' dir='ltr'><strong>eos</strong></span> <span class='ocrx_word' id='word_1_294' title='bbox 1628 3379 1860 3438; x_wconf 86' lang='lat' dir='ltr'><strong>vincere</strong></span> <span class='ocrx_word' id='word_1_295' title='bbox 1895 3378 2098 3438; x_wconf 80' lang='lat' dir='ltr'><strong>mallet</strong></span> <span class='ocrx_word' id='word_1_296' title='bbox 2125 3395 2301 3456; x_wconf 87' lang='lat' dir='ltr'><strong>quam</strong></span> <span class='ocrx_word' id='word_1_297' title='bbox 2323 3376 2622 3449; x_wconf 85' lang='lat' dir='ltr'><strong>occidere,</strong></span> <span class='ocrx_word' id='word_1_298' title='bbox 2651 3375 2827 3457; x_wconf 79' lang='lat'><strong>[191]</strong></span> 
     </span>
     <span class='ocr_line' id='line_1_32' title="bbox 606 3470 2825 3556; baseline 0 -21"><span class='ocrx_word' id='word_1_299' title='bbox 606 3475 709 3556; x_wconf 89' lang='lat' dir='ltr'><strong>qui</strong></span> <span class='ocrx_word' id='word_1_300' title='bbox 735 3476 873 3537; x_wconf 86' lang='lat' dir='ltr'><strong>licet</strong></span> <span class='ocrx_word' id='word_1_301' title='bbox 893 3485 1090 3536; x_wconf 83' lang='lat' dir='ltr'><strong>essent</strong></span> <span class='ocrx_word' id='word_1_302' title='bbox 1128 3475 1463 3548; x_wconf 81' lang='lat' dir='ltr'><strong>adversarii,</strong></span> <span class='ocrx_word' id='word_1_303' title='bbox 1488 3476 1645 3536; x_wconf 83' lang='lat' dir='ltr'><strong>cives</strong></span> <span class='ocrx_word' id='word_1_304' title='bbox 1674 3485 1877 3536; x_wconf 86' lang='lat' dir='ltr'><strong>erant:</strong></span> <span class='ocrx_word' id='word_1_305' title='bbox 1928 3475 2042 3536; x_wconf 84' lang='lat' dir='ltr'><strong>hoc</strong></span> <span class='ocrx_word' id='word_1_306' title='bbox 2071 3475 2242 3535; x_wconf 87' lang='lat' dir='ltr'><strong>ducis</strong></span> <span class='ocrx_word' id='word_1_307' title='bbox 2285 3474 2494 3554; x_wconf 89' lang='lat' dir='ltr'><strong>optimi</strong></span> <span class='ocrx_word' id='word_1_308' title='bbox 2519 3470 2825 3535; x_wconf 75' lang='lat' dir='ltr'><strong>consilium</strong></span> 
     </span>
     <span class='ocr_line' id='line_1_33' title="bbox 604 3572 2825 3647; baseline -0.001 -12"><span class='ocrx_word' id='word_1_309' title='bbox 604 3575 823 3635; x_wconf 86' lang='lat' dir='ltr'><strong>assueti</strong></span> <span class='ocrx_word' id='word_1_310' title='bbox 851 3574 1115 3635; x_wconf 83' lang='lat' dir='ltr'><strong>caedibus</strong></span> <span class='ocrx_word' id='word_1_311' title='bbox 1155 3573 1366 3634; x_wconf 81' lang='lat' dir='ltr'><strong>milites</strong></span> <span class='ocrx_word' id='word_1_312' title='bbox 1410 3593 1527 3634; x_wconf 90' lang='lat' dir='ltr'><strong>non</strong></span> <span class='ocrx_word' id='word_1_313' title='bbox 1558 3574 1902 3647; x_wconf 76' lang='lat' dir='ltr'><strong>laudabant,</strong></span> <span class='ocrx_word' id='word_1_314' title='bbox 1932 3572 2038 3634; x_wconf 79' lang='lat' dir='ltr'><strong>sed</strong></span> <span class='ocrx_word' id='word_1_315' title='bbox 2069 3573 2319 3634; x_wconf 85' lang='lat' dir='ltr'><strong>invicem</strong></span> <span class='ocrx_word' id='word_1_316' title='bbox 2361 3573 2825 3645; x_wconf 82' lang='lat' dir='ltr'><strong>murmurabant,</strong></span> 
     </span>
     <span class='ocr_line' id='line_1_34' title="bbox 606 3670 2823 3753; baseline -0.002 -20"><span class='ocrx_word' id='word_1_317' title='bbox 606 3672 769 3751; x_wconf 88' lang='lat' dir='ltr'><strong>quod</strong></span> <span class='ocrx_word' id='word_1_318' title='bbox 798 3674 920 3734; x_wconf 83' lang='lat' dir='ltr'><strong>dux</strong></span> <span class='ocrx_word' id='word_1_319' title='bbox 947 3692 1082 3734; x_wconf 90' lang='lat' dir='ltr'><strong>cum</strong></span> <span class='ocrx_word' id='word_1_320' title='bbox 1111 3681 1315 3753; x_wconf 86' lang='lat' dir='ltr'><strong>posset</strong></span> <span class='ocrx_word' id='word_1_321' title='bbox 1342 3672 1576 3733; x_wconf 85' lang='lat' dir='ltr'><strong>vincere</strong></span> <span class='ocrx_word' id='word_1_322' title='bbox 1604 3681 1919 3743; x_wconf 83' lang='lat' dir='ltr'><strong>recusaret,</strong></span> <span class='ocrx_word' id='word_1_323' title='bbox 1950 3692 2012 3732; x_wconf 87' lang='lat' dir='ltr'><strong>se</strong></span> <span class='ocrx_word' id='word_1_324' title='bbox 2035 3692 2273 3751; x_wconf 87' lang='lat' dir='ltr'><strong>quoque</strong></span> <span class='ocrx_word' id='word_1_325' title='bbox 2292 3670 2462 3732; x_wconf 85' lang='lat' dir='ltr'><strong>ducis</strong></span> <span class='ocrx_word' id='word_1_326' title='bbox 2491 3671 2740 3749; x_wconf 79' lang='lat' dir='ltr'><strong>imperio</strong></span> <span class='ocrx_word' id='word_1_327' title='bbox 2766 3671 2823 3730; x_wconf 90' lang='lat' dir='ltr'><strong>in</strong></span> 
     </span>
     <span class='ocr_line' id='line_1_35' title="bbox 605 3768 2828 3850; baseline -0.001 -20"><span class='ocrx_word' id='word_1_328' title='bbox 605 3770 878 3850; x_wconf 80' lang='lat' dir='ltr'><strong>proeiium</strong></span> <span class='ocrx_word' id='word_1_329' title='bbox 905 3790 1024 3831; x_wconf 88' lang='lat' dir='ltr'><strong>non</strong></span> <span class='ocrx_word' id='word_1_330' title='bbox 1046 3770 1248 3835; x_wconf 82' lang='lat' dir='ltr'><strong>ituros.</strong></span> <span class='ocrx_word' id='word_1_331' title='bbox 1297 3769 1402 3829; x_wconf 80' lang='lat' dir='ltr'><strong>nte</strong></span> <span class='ocrx_word' id='word_1_332' title='bbox 1420 3780 1619 3829; x_wconf 87' lang='lat' dir='ltr'><strong>autem</strong></span> <span class='ocrx_word' id='word_1_333' title='bbox 1642 3789 1818 3849; x_wconf 87' lang='lat' dir='ltr'><strong>quem</strong></span> <span class='ocrx_word' id='word_1_334' title='bbox 1847 3789 1966 3828; x_wconf 88' lang='lat' dir='ltr'><strong>non</strong></span> <span class='ocrx_word' id='word_1_335' title='bbox 1995 3768 2166 3829; x_wconf 80' lang='lat' dir='ltr'><strong>facile</strong></span> <span class='ocrx_word' id='word_1_336' title='bbox 2188 3789 2277 3829; x_wconf 88' lang='lat' dir='ltr'><strong>res</strong></span> <span class='ocrx_word' id='word_1_337' title='bbox 2293 3778 2612 3840; x_wconf 84' lang='lat' dir='ltr'><strong>moverent,</strong></span> <span class='ocrx_word' id='word_1_338' title='bbox 2635 3768 2828 3829; x_wconf 82' lang='lat' dir='ltr'><strong>verbis</strong></span> 
     </span>
     <span class='ocr_line' id='line_1_36' title="bbox 604 3860 2827 3947; baseline -0 -19"><span class='ocrx_word' id='word_1_339' title='bbox 604 3868 902 3940; x_wconf 85' lang='lat' dir='ltr'><strong>immotus,</strong></span> <span class='ocrx_word' id='word_1_340' title='bbox 920 3869 981 3928; x_wconf 88' lang='lat' dir='ltr'><strong>in</strong></span> <span class='ocrx_word' id='word_1_341' title='bbox 1009 3868 1290 3929; x_wconf 89' lang='lat' dir='ltr'><strong>sententia</strong></span> <span class='ocrx_word' id='word_1_342' title='bbox 1308 3867 1678 3947; x_wconf 86' lang='lat' dir='ltr'><strong>persistebat,</strong></span> <span class='ocrx_word' id='word_1_343' title='bbox 1700 3868 2003 3928; x_wconf 82' lang='lat' dir='ltr'><strong>victoriam</strong></span> <span class='ocrx_word' id='word_1_344' title='bbox 2029 3869 2392 3928; x_wconf 88' lang='lat' dir='ltr'><strong>incruentam</strong></span> <span class='ocrx_word' id='word_1_345' title='bbox 2416 3886 2689 3946; x_wconf 87' lang='lat' dir='ltr'><strong>sperans:</strong></span> <span class='ocrx_word' id='word_1_346' title='bbox 2719 3860 2827 3927; x_wconf 86' lang='lat' dir='ltr'><strong>nec</strong></span> 
     </span>
     <span class='ocr_line' id='line_1_37' title="bbox 606 3963 2828 4045; baseline -0 -21"><span class='ocrx_word' id='word_1_347' title='bbox 606 3964 811 4025; x_wconf 81' lang='lat' dir='ltr'><strong>fefenit</strong></span> <span class='ocrx_word' id='word_1_348' title='bbox 839 3965 1067 4045; x_wconf 86' lang='lat' dir='ltr'><strong>opinio:</strong></span> <span class='ocrx_word' id='word_1_349' title='bbox 1111 3986 1292 4027; x_wconf 92' lang='lat' dir='ltr'><strong>unum</strong></span> <span class='ocrx_word' id='word_1_350' title='bbox 1321 3965 1437 4026; x_wconf 88' lang='lat' dir='ltr'><strong>hoc</strong></span> <span class='ocrx_word' id='word_1_351' title='bbox 1460 3966 1674 4027; x_wconf 87' lang='lat' dir='ltr'><strong>⁷⁹inter</strong></span> <span class='ocrx_word' id='word_1_352' title='bbox 1702 3987 1891 4027; x_wconf 82' lang='lat' dir='ltr'><strong>mores</strong></span> <span class='ocrx_word' id='word_1_353' title='bbox 1911 3965 2133 4027; x_wconf 83' lang='lat' dir='ltr'><strong>accidit</strong></span> <span class='ocrx_word' id='word_1_354' title='bbox 2155 3974 2475 4025; x_wconf 88' lang='lat' dir='ltr'><strong>memoratu</strong></span> <span class='ocrx_word' id='word_1_355' title='bbox 2500 3963 2746 4044; x_wconf 88' lang='lat' dir='ltr'><strong>dignum</strong></span> <span class='ocrx_word' id='word_1_356' title='bbox 2765 3972 2828 4023; x_wconf 90' lang='lat' dir='ltr'><strong>et</strong></span> 
     </span>
     <span class='ocr_line' id='line_1_38' title="bbox 607 4050 2827 4142; baseline -0.001 -20"><span class='ocrx_word' id='word_1_357' title='bbox 607 4063 936 4142; x_wconf 80' lang='lat' dir='ltr'><strong>⁸0exiguum</strong></span> <span class='ocrx_word' id='word_1_358' title='bbox 956 4065 1244 4125; x_wconf 78' lang='lat' dir='ltr'><strong>Caesareae</strong></span> <span class='ocrx_word' id='word_1_359' title='bbox 1262 4063 1569 4126; x_wconf 77' lang='lat' dir='ltr'><strong>⁸¹1evitatis</strong></span> <span class='ocrx_word' id='word_1_360' title='bbox 1585 4064 1867 4126; x_wconf 88' lang='lat' dir='ltr'><strong>indicium</strong></span> <span class='ocrx_word' id='word_1_361' title='bbox 1890 4086 1906 4126; x_wconf 70' lang='grc' dir='ltr'><strong>ι</strong></span> <span class='ocrx_word' id='word_1_362' title='bbox 1940 4064 2083 4126; x_wconf 86' lang='lat' dir='ltr'><strong>dum</strong></span> <span class='ocrx_word' id='word_1_363' title='bbox 2104 4063 2254 4125; x_wconf 88' lang='lat' dir='ltr'><strong>enim</strong></span> <span class='ocrx_word' id='word_1_364' title='bbox 2277 4064 2428 4123; x_wconf 85' lang='lat' dir='ltr'><strong>iuter</strong></span> <span class='ocrx_word' id='word_1_365' title='bbox 2444 4072 2643 4142; x_wconf 90' lang='lat' dir='ltr'><strong>partes</strong></span> <span class='ocrx_word' id='word_1_366' title='bbox 2660 4050 2827 4125; x_wconf 71' lang='lat' dir='ltr'><strong>dedii</strong></span> 
     </span>
    </p>
   </div>
   <div class='ocr_carea' id='block_1_3' title="bbox 606 4204 2826 4356">
    <p class='ocr_par' dir='ltr' id='par_1_3' title="bbox 606 4204 2826 4356">
     <span class='ocr_line' id='line_1_39' title="bbox 614 4204 2826 4276; baseline -0 -18"><span class='ocrx_word' id='word_1_367' title='bbox 614 4224 625 4233; x_wconf 95' lang='lat'><strong>·</strong></span> <span class='ocrx_word' id='word_1_368' title='bbox 668 4210 735 4258; x_wconf 72' lang='grc'><strong>78</strong></span> <span class='ocrx_word' id='word_1_369' title='bbox 778 4209 938 4272; x_wconf 79' lang='lat' dir='ltr'><strong>Lege,</strong></span> <span class='ocrx_word' id='word_1_370' title='bbox 958 4209 1147 4269; x_wconf 70' lang='lat' dir='ltr'><strong>Iter-de,</strong></span> <span class='ocrx_word' id='word_1_371' title='bbox 1183 4211 1637 4274; x_wconf 57' lang='lat' dir='ltr'><strong>«teutardum—&#39;19</strong></span> <span class='ocrx_word' id='word_1_372' title='bbox 1657 4210 1816 4276; x_wconf 75' lang='lat' dir='ltr'><strong>Lege,</strong></span> <span class='ocrx_word' id='word_1_373' title='bbox 1853 4209 1982 4261; x_wconf 71' lang='lat' dir='ltr'><strong>inter</strong></span> <span class='ocrx_word' id='word_1_374' title='bbox 2000 4212 2306 4260; x_wconf 72' lang='lat' dir='ltr'><strong>mom.—80</strong></span> <span class='ocrx_word' id='word_1_375' title='bbox 2339 4207 2498 4273; x_wconf 73' lang='lat' dir='ltr'><strong>Lege,</strong></span> <span class='ocrx_word' id='word_1_376' title='bbox 2517 4204 2826 4257; x_wconf 55' lang='lat' dir='ltr'><strong>wimm—</strong></span> 
     </span>
     <span class='ocr_line' id='line_1_40' title="bbox 606 4289 1103 4356; baseline 0.002 -16"><span class='ocrx_word' id='word_1_377' title='bbox 606 4293 667 4341; x_wconf 76' lang='lat'><strong>81</strong></span> <span class='ocrx_word' id='word_1_378' title='bbox 696 4290 855 4356; x_wconf 75' lang='lat' dir='ltr'><strong>Lege,</strong></span> <span class='ocrx_word' id='word_1_379' title='bbox 872 4289 1103 4341; x_wconf 58' lang='lat' dir='ltr'><strong>matio.</strong></span> 
     </span>
    </p>
   </div>
   <div class='ocr_carea' id='block_1_4' title="bbox 3077 1186 3082 2855">
    <p class='ocr_par' dir='ltr' id='par_1_4' title="bbox 3077 1186 3082 2855">
     <span class='ocr_line' id='line_1_41' title="bbox 3077 1186 3082 2855; baseline 0 0"><span class='ocrx_word' id='word_1_380' title='bbox 3077 1186 3082 2855; x_wconf 95' lang='lat' dir='ltr'><strong> </strong></span> 
     </span>
    </p>
   </div>
  </div>
 </body>
</html>
