3117 5025
592 437 765 507 1800
1240 457 1317 506 ss
1344 443 1559 505 cans!
1609 453 2146 506 commui-transs

594 605 965 685 stupefactis·
991 613 1259 684 aspectu,
1316 605 1608 684 ingentem
1636 606 1752 668 vim
1799 606 2076 667 frumenti
2122 626 2193 666 ac
2221 604 2451 688 pecoris
2484 606 2603 667 late
2629 605 2799 667 effusi

594 703 867 784 adeptus,
914 712 1151 782 egentes
1178 722 1371 764 rerum
1399 704 1659 764 omnium
1690 703 1966 783 legiones,
2008 703 2267 783 dispersa
2303 703 2457 764 inter
2477 724 2580 764 eos
2609 723 2799 765 rernm

593 803 771 882 copia
789 801 1086 862 recreavit.
1138 802 1298 861 Dum
1321 802 1449 861 haec
1470 803 1547 862 ab
1565 802 1914 881 imperatore
1933 811 2052 861 tam
2077 800 2339 861 celeriter
2359 819 2537 879 quam
2556 800 2805 862 feliciter

592 909 929 979 gererentur
955 900 1176 977 legatus
1202 899 1291 958 vir
1316 899 1669 959 fortissimus
1691 899 1982 960 Labienus
2005 900 2062 958 in
2092 898 2580 977 perplexitatibus
2604 898 2802 959 multis

594 1006 717 1057 erat
740 1019 779 1068 ς·
806 996 1110 1075 profectus
1142 1015 1349 1076 nempe
1376 1015 1513 1055 cum
1544 1005 1802 1074 quatuor
1845 996 2170 1077 legionibus
2220 997 2508 1056 Lutetiam
2557 995 2810 1056 Parisio-'

594 1111 725 1153 rum
755 1112 889 1171 quoe
918 1093 975 1151 in
1006 1092 1192 1153 insula
1214 1093 1455 1152 Secanoe
1483 1092 1595 1152 sita
1621 1102 1764 1163 erat,
1795 1093 1899 1152 ubi
1934 1113 2094 1153 nunc
2120 1102 2211 1153 est
2227 1093 2406 1154 totius
2435 1093 2802 1172 transalpinas

598 1190 813 1252 Galliae
858 1190 1131 1250 famosior
1182 1190 1384 1250 civitas
1413 1190 1662 1251 fundata
1708 1191 1981 1262 Parisius,
2035 1209 2248 1269 magna
2295 1190 2375 1251 ibi
2423 1191 2804 1251 ⁷⁵multitudo

598 1290 856 1351 hostium
908 1298 1213 1367 exceptus,
1265 1297 1326 1349 et
1369 1288 1776 1368 nequidquam
1825 1298 2049 1349 tentato
2076 1287 2318 1354 transitu
2346 1290 2615 1366 repulsus
2640 1289 2808 1348 erati

600 1388 701 1448 sed
752 1395 1038 1446 nocturno
1080 1386 1221 1446 inde
1270 1387 1502 1447 silentio
1548 1386 1840 1468 digressus
1890 1385 2280 1446 Melodunum
2329 1386 2511 1458 venit,
2558 1385 2803 1464 opidum

599 1493 741 1544 tnnc
793 1485 1129 1543 Senonum:
1172 1493 1235 1543 et
1279 1485 1526 1545 navibus
1575 1485 1824 1545 inventis
1870 1483 1929 1544 in
1976 1481 2234 1555 flumine,
2278 1482 2688 1563 introgressus,
2731 1491 2808 1541 ac·

601 1591 757 1660 pene·
780 1599 1033 1639 vacuum
1064 1589 1274 1640 nactus
1305 1580 1537 1653 locum3
1585 1581 1747 1660 quod
1779 1599 1916 1661 pars
1947 1581 2196 1640 maxima
2240 1580 2576 1641 accolarum
2627 1580 2806 1639 Lute·'

564 1678 734 1738 ·tiam
758 1677 834 1737 ad
868 1677 1087 1736 bellum
1124 1678 1298 1757 jussa
1336 1687 1687 1757 perrexerat,
1738 1677 1859 1739 sine
1904 1677 2371 1737 contradictione
2418 1685 2521 1736 aut
2568 1676 2692 1736 ulla
2718 1696 2804 1737 re-

599 1774 917 1856 pugnantia
967 1792 1100 1833 eum
1131 1775 1308 1851 cepit.
1392 1775 1536 1834 Inde
1587 1794 1766 1854 super
1806 1793 2040 1835 amnem
2085 1775 2308 1835 refecto
2354 1785 2553 1853 ponte,
2602 1776 2802 1854 copias

596 1871 891 1943 transfert,
937 1881 1118 1949 atque
1148 1871 1258 1930 illis
1288 1879 1556 1932 terrestre
1584 1873 1693 1931 iter
1735 1872 2061 1951 agentibus,
2111 1872 2236 1949 ipse
2266 1871 2522 1931 secundo
2551 1870 2804 1931 fluminis

598 1969 1090 2030 alveo-Lutetiam
1135 1969 1378 2047 repetit:
1423 1989 1544 2048 quo
1587 1969 1946 2048 praecognito
2001 1969 2199 2028 hostes
2245 1966 2489 2046 opidum
2535 1967 2808 2028 incende-

598 2076 751 2138 runt,
804 2076 1124 2146 pontesque
1169 2065 1351 2144 opidi,
1402 2086 1655 2146 quorum
1699 2068 1845 2127 alter
1889 2066 2190 2126 dexteram
2235 2066 2426 2144 ripam
2478 2065 2806 2125 circumflui

599 2164 783 2222 amnis
813 2161 1064 2223 ⁷⁶levem
1093 2163 1236 2223 alter
1258 2163 1586 2242 attingebat
1633 2163 2017 2224 resciderunt.
2061 2160 2230 2241 [149]
2264 2161 2352 2221 lbi
2384 2179 2519 2222 vero
2547 2181 2665 2222 non
2695 2163 2807 2223 Pa-

598 2259 866 2321 risiorum
912 2260 1072 2332 solae,
1125 2260 1227 2319 sed
1259 2259 1641 2320 finitimarum
1667 2279 1867 2320 omues
1896 2260 2158 2340 gentium
2187 2259 2382 2338 copiae
2407 2259 2805 2332 constiterant,

601 2355 919 2437 praeposito
946 2355 1218 2416 omnibus
1247 2358 1723 2434 ⁷⁷Camulogeno,
1747 2376 1869 2435 quo
1897 2356 1975 2416 de
2002 2357 2349 2436 cognomine
2378 2355 2636 2425 Aurelio,
2666 2357 2807 2418 alilii

602 2452 907 2514 Aurelium
938 2451 1204 2513 invenio:
1248 2451 1345 2513 bic
1374 2453 1460 2513 vir
1488 2453 1650 2514 senio
1678 2453 1890 2533 gravis,
1921 2452 2022 2514 sed
2053 2455 2134 2514 rei
2164 2453 2390 2515 bellicae
2421 2454 2807 2533 peritissimus

602 2550 964 2612 habebatur:
1008 2560 1248 2629 propter
1286 2550 1452 2630 quod
1483 2552 1641 2612 bunc
1665 2553 1927 2612 laborem
1956 2570 2245 2613 consensu
2274 2552 2535 2611 omnium
2565 2554 2809 2613 coactus

601 2657 861 2710 extrema
903 2649 962 2707 in
1010 2657 1183 2709 aetate
1231 2658 1583 2727 susceperat.
1680 2650 1778 2709 Sic
1824 2670 1886 2709 se
1930 2649 2104 2711 rebus
2151 2649 2505 2710 habentibus
2546 2666 2807 2710 rumores

605 2746 748 2805 varii
784 2746 1204 2824 jactabanturt
1249 2747 1546 2825 Caesarem
1575 2748 1875 2824 Gergoma
1919 2745 2247 2826 digressum
2296 2766 2366 2808 ac
2397 2747 2605 2826 Ligeri
2633 2747 2812 2808 inter?-

604 2842 829 2903 clusum
859 2842 1095 2902 demum
1122 2842 1421 2903 frumenti·
1443 2842 1640 2923 inopia
1669 2843 1871 2905 ultima
1909 2846 2292 2923 compulsum,
2342 2845 2402 2904 in
2450 2844 2810 2921 provinciam

604 2940 929 3000 Romanam
956 2939 1043 2998 cis
1074 2939 1427 2998 Rhodanum
1455 2940 1873 3000 concessisset*
1901 2941 2125 3001 AEduos
2154 2942 2506 3004 rebellasse:
2551 2941 2812 3002 Galliam

604 3056 837 3096 omnem
862 3036 920 3095 in
958 3045 1126 3096 motu
1152 3055 1300 3097 esse.
1386 3036 1621 3105 Quibus
1648 3038 1822 3099 rebus
1851 3038 2145 3100 Labienus
2173 3039 2297 3118 ipse
2323 3046 2647 3118 permotus,
2693 3054 2813 3099 non

604 3148 864 3214 pugnare
887 3132 1264 3193 decreverat:
1305 3132 1485 3212 idque
1516 3154 1697 3195 unum
1725 3135 1920 3196 animo
1948 3136 2239 3209 volvebat,
2290 3136 2538 3215 qualiter
2562 3135 2815 3216 '‘Agid‘·

606 3230 823 3304 vicum,
867 3230 927 3291 id
956 3230 1141 3309 opido
1170 3250 1380 3291 nomen
1407 3241 1552 3304 erat,
1599 3233 1753 3294 uude
1781 3234 2150 3308 discusserat,
2195 3245 2374 3314 atque
2404 3234 2506 3294 ubi
2533 3228 2813 3313 praesidio

608 3328 887 3406 imposito
915 3327 1337 3407 impedimenta
1350 3327 1671 3403 dimiserat,
1692 3333 1879 3393 salvas
1907 3332 2214 3393 reduceret
2232 3333 2513 3411 legiones.
2572 3331 2813 3392 Interim

604 3435 801 3486 tamen
829 3433 888 3484 et
918 3424 1217 3485 Bellovaci
1245 3427 1393 3487 inter
1419 3428 1627 3488 Gallos
1671 3427 1900 3502 famosi,
1947 3429 2202 3491 motibus
2229 3428 2404 3489 tantis
2433 3436 2810 3498 accesserant,

603 3520 667 3583 et
680 3520 991 3583 rebellione
1006 3522 1334 3584 AEduorum
1354 3525 1527 3586 exciti
1546 3525 1752 3587 odium
1772 3526 1873 3586 diu
1891 3526 2140 3586 celatum
2161 3532 2538 3605 aperuerant3
2560 3523 2815 3603 jamqne‘

603 3619 795 3702 aperti
814 3620 1009 3680 hostes
1025 3620 1083 3680 in
1104 3622 1277 3681 armis
1294 3631 1487 3684 erant:
1516 3623 1720 3703 itaque
1741 3624 2029 3684 ⁷⁹Parisiis
2052 3614 2190 3683 inde
2211 3622 2555 3693 Bellovacis,
2575 3631 2636 3680 et
2655 3621 2816 3681 varia

602 3707 743 3779 belli
765 3716 914 3777 mole
934 3738 1165 3798 pressus
1184 3728 1246 3779 et
1262 3719 1720 3793 circumventus,
1751 3721 2058 3782 consilium
2087 3719 2408 3780 ⁸0invitavit
2437 3738 2509 3778 ex
2529 3727 2815 3797 tempore,

609 3814 929 3894 statuitque
974 3815 1272 3877 fortunam
1321 3818 1513 3896 proelii
1555 3826 1817 3889 tentare:
1868 3824 2159 3878 nocturna
2201 3823 2554 3895 tempestate
2580 3802 2819 3875 horrida

603 3910 864 3989 adjutus,
884 3914 1352 3992 exploratoribus
1371 3914 1629 3976 hostium
1657 3913 1741 3976 nil
1767 3915 1883 3978 tale
1905 3913 2302 3996 cogitantibus
2321 3910 2663 3983 interfectis,
2689 3919 2819 3972 teta

668 4156 730 4207 ¹75
766 4155 926 4223 Lege,
943 4158 1392 4211 mutuatum-⁷6
1422 4160 1585 4227 Lege,
1620 4159 1934 4213 lavam—'17
1970 4160 2147 4225 Forte,
2185 4158 2522 4220 casuum,
2543 4155 2818 4218 meno-&c

609 4239 827 4372 w.
890 4238 979 4293 Sic
1024 4237 1354 4293 canan-rs
1404 4240 1705 4306 Agamem
1746 4239 2093 4294 Cesum—'79
2141 4237 2313 4305 Adde,
2347 4236 2607 4290 hince-8⁰
2640 4235 2821 4302 Forte,
