3117 5025
957 474 1057 526 na
1102 475 1291 525 vrrs
1327 475 1533 526 sumt
1596 435 1952 529 cAEsAa'rs.
2385 463 2566 532 1851·

338 622 618 703 explicari
644 641 719 683 ex
745 621 1123 684 incommodo
1167 623 1317 684 inter
1344 625 1638 703 angustias
1682 644 1796 684 non
1842 625 2089 704 ²⁸³posse,
2116 625 2354 706 omnino
2380 645 2559 706 expe-

338 720 517 781 ditior
544 740 682 801 pars
710 720 894 780 altera
924 719 1236 792 rideretur.
1319 721 1460 781 Erat
1499 719 1699 780 classis
1738 723 1988 782 Rhodiae
2018 724 2333 797 praefectus
2361 724 2555 785 ²⁹Heu

342 818 559 891 fravor,
587 828 648 878 et
689 817 1000 897 disciplina
1052 818 1135 878 rei
1185 817 1414 879 bellica:
1455 827 1517 878 et
1561 819 1776 878 virtute
1816 820 1992 880 animi
2024 821 2292 880 Romano
2317 821 2559 882 similior

345 935 524 996 qnam
552 914 940 1004 Graeco,·hie
988 916 1328 975 dilationem
1359 915 1583 989 videns,
1632 926 1692 976 et
1741 936 1976 976 causam
2017 916 2316 977 dilationis
2345 918 2559 978 intelli·

344 1032 507 1093 gens,
562 1014 646 1073 sic
701 1014 991 1073 Caesarem
1048 1014 1400 1092 alloquitur:
1471 1023 1487 1048 ‘
1516 1015 1744 1074 Sentire
1794 1014 1940 1073 mibi
1993 1014 2197 1074 videor
2248 1015 2557 1077 consilium

345 1121 534 1182 tunm,
557 1111 781 1170 (ζῶσαι-ι
811 1109 1049 1171 dubitas
1069 1130 1141 1172 ne
1163 1112 1211 1171 si
1238 1111 1520 1171 haecvada
1550 1112 1724 1192 primi
1751 1112 2106 1190 ingredimur
2124 1123 2258 1172 ante
2279 1133 2560 1191 cogamur

343 1207 409 1267 in
455 1207 750 1286 proelium,
799 1226 974 1285 quam
1024 1208 1231 1286 reliqui
1279 1208 1445 1288 sequi
1482 1211 1723 1287 possint,
1755 1219 1935 1287 atque
1982 1211 2067 1269 ita
2111 1210 2314 1292 iniquo
2364 1212 2557 1272 Marte

342 1323 704 1383 pugnemus:
748 1304 850 1364 sed
899 1303 1055 1364 mihi
1099 1323 1320 1375 curam,
1370 1305 1588 1375 Caesar,
1640 1306 1866 1385 linque:
1911 1325 2031 1365 non
2078 1317 2135 1367 te
2179 1306 2397 1378 fallam,
2445 1328 2557 1387 ego

344 1403 601 1462 bostium
631 1401 912 1480 impetum
937 1402 1238 1462 sustinebo
1267 1403 1409 1464 dum
1437 1404 1687 1464 comites
1716 1415 2171 1484 consequantur,
2205 1406 2311 1465 hos
2337 1405 2556 1486 AEgyp-

342 1499 457 1562 tios
486 1508 686 1559 contra
717 1520 821 1559 nos
850 1520 923 1560 ex
951 1519 1127 1578 aeqno
1154 1510 1324 1574 stare,
1373 1509 1433 1560 et
1472 1501 1597 1561 haec
1626 1502 1857 1580 gloriari
1884 1522 2078 1581 posse,
2109 1502 2282 1562 doleo
2307 1502 2559 1580 graviter

341 1607 400 1658 et
429 1595 740 1675 indignor-‚⁹
825 1596 1165 1657 Delectatus
1213 1598 1417 1658 Caesar
1460 1598 1566 1658 viri
1609 1597 1823 1669 animo,
1871 1598 2130 1658 laudavit
2174 1599 2556 1678 hortatusque

340 1704 454 1755 est.
540 1695 688 1754 Cum
718 1713 855 1754 vero
885 1714 1144 1757 rumores
1174 1694 1433 1755 nondum
1466 1696 1742 1756 Romanis
1771 1696 1892 1755 noti
1921 1697 1980 1755 in
2008 1696 2265 1757 exercitu
2295 1695 2553 1755 hostium

344 1793 799 1862 crebrescerent,
845 1811 878 1850 e
918 1791 1087 1871 Syria
1134 1801 1312 1870 atque
1352 1791 1561 1853 Cilicia
1604 1792 1919 1853 adventare
1970 1793 2218 1853 Caesaris
2266 1794 2553 1873 legiones:

339 1888 707 1949 sollicitiores
735 1888 907 1948 solito
935 1889 1193 1968 AEgyptii
1221 1888 1507 1950 instructa
1531 1890 1722 1950 classe
1750 1890 2176 1952 commeatibus
2204 1889 2559 1950 insidiaban-

342 1995 466 2047 tur:
514 1984 674 2065 qnod
734 1984 980 2046 audiens
1034 1987 1254 2058 Coesar,
1312 2006 1384 2046 eo
1434 1986 1681 2046 classem
1733 1986 1958 2066 dirigit:
1999 1988 2058 2046 in
2116 2006 2234 2066 qua
2282 1986 2554 2047 Rhodius

339 2086 696 2163 Euphranor
751 2092 817 2142 ut
870 2083 1210 2162 promiserat
1266 2082 1488 2160 primus
1535 2103 1793 2162 pugnam
1846 2085 1992 2156 iniit,
2045 2104 2273 2164 semper
2326 2083 2553 2145 vincere

338 2184 582 2246 solitus:
628 2184 730 2244 sed
759 2181 995 2242 fortuna
1039 2200 1174 2240 eum
1220 2180 1379 2259 quod
1423 2180 1499 2240 de
1530 2183 1725 2242 multis
1754 2180 1901 2244 tacit
1947 2183 2006 2242 in
2049 2183 2169 2244 fine
2218 2183 2552 2261 reliquerat,

340 2280 611 2362 quamvis
657 2289 719 2340 et
766 2289 909 2340 tunc
956 2277 1129 2338 etiam
1162 2276 1322 2350 vicit,
1374 2296 1509 2337 nam
1560 2287 1624 2338 et
1649 2279 1882 2340 obviam
1929 2280 2218 2340 ”navium
2272 2279 2448 2359 fregit
2492 2289 2556 2340 et

337 2377 636 2440 demersit.
720 2378 798 2436 Et
827 2376 970 2436 dum
1014 2371 1327 2433 animosius
1374 2373 1547 2433 aliam
1588 2386 1878 2455 perurget,
1921 2377 2080 2436 nullo
2107 2396 2281 2455 opem
2310 2374 2551 2449 serente,

338 2497 443 2539 sen
472 2474 635 2557 quod
666 2474 868 2536 virtuti
896 2474 1024 2554 ejus
1068 2470 1220 2533 adeo
1263 2470 1603 2546 ³¹viderent,
1653 2472 1824 2554 [216]
1874 2483 1940 2535 ut
1987 2473 2292 2535 crederent
2336 2473 2553 2534 auxilio

338 2595 457 2636 non
487 2595 679 2655 egere,
729 2593 833 2634 seu
881 2571 1040 2652 qnod
1091 2570 1288 2651 potius
1343 2590 1493 2641 reor,
1543 2584 1703 2632 metu
1747 2572 1875 2633 illos
1917 2571 2233 2643 detinente,
2262 2571 2551 2632 vincendo

334 2683 514 2752 atque
543 2671 906 2750 insequendo
947 2658 1195 2748 deperiit
1240 2668 1488 2741 ³²unius,
1533 2678 1595 2729 et
1622 2670 1770 2730 bene
1798 2680 1975 2749 gesta:
2002 2670 2082 2730 rei
2111 2669 2345 2730 laudem
2373 2669 2555 2748 adep·-

337 2781 432 2831 tus
459 2780 550 2830 est
578 2777 849 2829 mortem.
937 2768 1077 2827 Erat
1120 2768 1279 2845 apud
1330 2767 1623 2827 Caesarem
1678 2767 2056 2840 Ptolomaeus,
2110 2765 2273 2844 quod
2320 2765 2551 2845 ³³pleris

334 2881 545 2929 natura
569 2866 785 2939 evenit,
819 2872 994 2925 oetate
1019 2882 1186 2944 puer,
1216 2863 1542 2925 calliditate
1568 2883 1746 2925 senex
1773 2885 1843 2926 ac
1871 2865 2151 2942 nequitia,
2191 2872 2317 2924 erat
2356 2872 2549 2924 autem

333 2965 485 3028 sorte
515 2982 759 3044 sperans
800 2962 1046 3043 gratiam
1089 2962 1336 3022 Caesaris
1386 2963 1892 3041 Pompejimorte
1939 2962 2361 3041 promeruisse:
2409 2961 2549 3021 huic

334 3064 556 3125 bellum
607 3081 681 3121 eo
730 3070 996 3140 tempore
1045 3080 1184 3120 cum
1228 3059 1541 3139 Cleopatra
1588 3080 1789 3121 sorore
1814 3069 1940 3120 erat
1963 3068 2020 3120 et
2052 3060 2326 3140 conjuge,
2371 3076 2549 3138 quam

335 3161 576 3240 quidam
625 3158 684 3218 in
734 3177 971 3218 carcere
1021 3166 1162 3217 tunc
1210 3155 1391 3216 fuisse
1421 3156 1801 3218 confirmant:
1846 3155 1950 3216 sed
1998 3156 2336 3235 ubicunqne
2373 3164 2547 3223 esset,

334 3268 569 3320 constat
597 3275 730 3317 eam
760 3256 834 3315 ad
869 3258 1161 3316 Caesarem
1192 3264 1547 3334 penetrasse,
1579 3274 1758 3335 seque
1805 3254 1879 3315 sd
1915 3254 2095 3333 ipsius
2138 3272 2326 3333 genua
2354 3252 2549 3333 proje-

336 3358 506 3429 cisse,
538 3364 804 3414 orantem
835 3363 900 3413 ut
927 3352 981 3412 ei
1008 3362 1233 3432 partem
1269 3353 1431 3432 regni
1473 3353 1778 3414 restituere
1817 3352 2077 3430 juberet,
2109 3360 2175 3411 ut
2219 3347 2547 3412 communis

329 3442 685 3515 testamento
711 3450 893 3530 patris
922 3459 1161 3511 cautum
1189 3461 1514 3530 appareret,
1543 3458 1606 3511 et
1630 3450 1836 3530 petitio
1852 3450 2020 3528 justa
2046 3457 2189 3522 erat,
2218 3458 2277 3509 et
2303 3445 2549 3526 insignis

334 3552 526 3613 forma
554 3548 836 3609 “Audito
862 3548 991 3626 ejus
1036 3548 1284 3628 imperio
1331 3558 1392 3608 et
1437 3549 1816 3627 Cleopatram
1844 3547 2014 3607 simul
2041 3545 2307 3609 timentes
2334 3552 2394 3606 et
2421 3545 2553 3604 Coe·

334 3668 542 3720 sarem,
571 3665 685 3707 nec
724 3646 853 3724 jam
901 3665 1078 3706 morae
1125 3646 1329 3706 locum
1377 3665 1506 3723 esse
1554 3646 1919 3717 extimantes,
1962 3642 2038 3704 ad
2083 3653 2346 3723 apertam
2386 3638 2547 3699 ”viri

335 3744 626 3817 conversi,
657 3752 833 3803 nocte
873 3745 1142 3822 proxima
1169 3743 1328 3804 illum
1360 3743 1513 3804 intra
1536 3744 1751 3822 regiam
1781 3741 2158 3804 obsederunt.
2241 3737 2376 3798 Fuit
2403 3746 2546 3797 tunc

332 3844 586 3905 maxime
614 3841 829 3902 virtute
875 3860 1024 3920 opus
1058 3841 1456 3920 eximia‚·quae
1483 3850 1574 3902 tot
1601 3841 1855 3901 hostium
1884 3848 2010 3900 tota
2037 3847 2214 3899 nocte
2241 3855 2375 3897 cum
2405 3854 2551 3915 pau·

332 3942 415 4015 cis
444 3941 733 4022 impetum
762 3938 1077 4012 tolleraret,
1119 3938 1515 4018 incendioque
1553 3938 1905 4018 propelleret
1946 3936 2267 3999 vicinarum
2296 3932 2541 3998 oedium:

394 4214 459 4260 28
493 4211 655 4275 Lege,
692 4212 1000 4273 panea—29
1030 4209 1193 4275 Lege,
1235 4210 1672 4275 Euphraten—⁸⁰
1705 4208 1863 4271 Lege,
1899 4203 2199 4254 mrim—⁸1
2237 4201 2397 4265 Lege,
2419 4201 2548 4267 fide-

332 4295 584 4383 rem—32
616 4291 782 4357 Lege,
832 4295 1100 4349 υκαι-»38
1135 4293 1314 4357 Forte,
1352 4292 1745 4358 plerisque—u
1779 4284 1996 4354 Aliquid
2040 4284 2336 4335 decue-86
2371 4284 2551 4347 Forte,

341 4385 446 4423 sem.
