3117 5025
948 421 1049 474 nn
1091 423 1273 472 viu
1318 423 1523 474 :nnn
1573 425 1930 478 cAEsAnrs.
2365 413 2544 484 1742·

324 566 457 628 haec
496 568 835 630 Germanos
858 570 938 638 ab
978 572 1063 634 eis
1092 573 1390 638 sollicitari
1433 574 1595 636 fama
1621 586 1767 654 erat,
1799 598 1984 658 quum
2009 598 2084 642 ea
2109 578 2316 642 civitas
2342 582 2541 659 proxi-

325 685 422 726 ma
461 666 670 726 Rheno
710 676 843 740 est:
890 670 1147 734 omnium
1176 681 1370 734 tamen
1408 672 1623 736 Gauiae
1652 674 1971 750 civitatum,
2002 675 2269 754 equitatu
2296 697 2541 755 praeser·

327 762 452 837 tim,
483 765 908 844 potentissima.
992 770 1174 839 Erant
1194 770 1253 830 in
1293 790 1367 834 ea
1392 770 1534 832 urbe
1565 781 1631 832 ut
1669 773 1881 834 assolet
1908 773 2028 840 duo
2070 772 2148 834 de
2175 774 2439 854 potentia
2479 783 2542 838 et

321 858 628 940 prioritate
656 873 984 926 certantes:
1042 866 1250 930 horum
1306 868 1546 932 nomina
1588 878 1755 930 erant
1784 868 2205 932 Indiciomarus
2234 879 2296 930 et
2322 871 2539 952 Cinge·

316 957 499 1040 turini.
584 960 815 1022 Primus
870 962 1075 1034 audito
1121 964 1377 1026 Romani
1417 964 1588 1026 ducis
1617 966 1897 1039 adventu,
1927 966 2216 1048 equiturn,
2245 968 2538 1048 peditum,

327 1073 509 1133 quam
532 1057 812 1120 maximas
840 1069 1036 1138 potest
1056 1062 1280 1142 copias,
1303 1072 1485 1141 atque
1510 1063 1707 1126 omnia
1736 1063 1891 1128 bello
1919 1075 2062 1146 apta
2091 1085 2318 1127 summo
2336 1066 2537 1132 studio

320 1153 608 1231 parabat:
652 1154 931 1235 reliquam
962 1158 1214 1231 turbam,
1244 1179 1389 1219 sexu
1418 1159 1510 1219 vel
1536 1171 1712 1222 aetate
1741 1160 2000 1244 fragilem
2023 1162 2174 1224 intra
2200 1163 2539 1240 Arduennm

326 1249 535 1310 silvam
579 1250 986 1314 densissimam
1013 1266 1191 1336 atque
1219 1256 1510 1338 ingentem
1539 1278 1673 1319 cum
1702 1258 1880 1320 rebus
1911 1260 2280 1340 fortunisque
2302 1258 2545 1323 ⁶¹omni-

328 1365 430 1406 um
473 1347 729 1422 abdidit,
758 1360 825 1411 ut
863 1351 1021 1412 curis
1066 1353 1192 1414 aliis
1232 1355 1562 1435 expeditior
1605 1357 1766 1418 bello
1801 1377 2043 1442 operam
2098 1358 2290 1422 daret.
2373 1359 2544 1422 Alter

322 1463 487 1516 vero,
512 1448 809 1508 contrario
830 1457 899 1511 ut
925 1450 987 1511 in
1015 1451 1231 1512 talibus
1258 1450 1386 1513 fieri
1412 1463 1575 1534 amat
1600 1454 1866 1532 consilio,
1897 1456 2091 1522 statim
2135 1456 2356 1516 Caesari
2391 1454 2539 1520 fines

315 1538 673 1622 ingredienti
700 1565 848 1612 sese„
869 1547 1111 1609 obvium
1153 1557 1215 1609 et
1259 1549 1543 1631 obsequio
1580 1561 1922 1633 promptum
1952 1552 2125 1618 tulit:
2170 1573 2344 1633 quem
2399 1575 2535 1618 cum

322 1639 495 1699 multi
520 1649 587 1701 et
611 1640 793 1721 ipsius
817 1663 1036 1719 amore,
1059 1654 1184 1707 erat
1223 1645 1373 1708 enim
1403 1667 1576 1709 carus
1604 1649 1846 1729 populo,
1875 1660 1937 1711 et
1979 1650 2230 1714 Romani
2249 1652 2540 1712 exercitus

324 1735 537 1798 timore
580 1753 984 1822 sequerentur,
1012 1744 1143 1824 [81]
1172 1745 1449 1826 cognovit
1490 1746 1933 1812 Induciomarus
1973 1767 2035 1808 se
2075 1747 2340 1810 delusum
2370 1758 2430 1810 et
2459 1750 2538 1810 ab

321 1836 597 1897 omnibus
632 1837 803 1901 facile
852 1861 913 1902 se
960 1861 1133 1922 posse
1181 1843 1443 1903 destitui.
1528 1843 1667 1902 Non
1719 1843 1916 1902 animo
1955 1863 2119 1924 ergo,
2141 1844 2240 1906 sed
2293 1846 2539 1908 consilio

320 1943 556 1996 mutato
586 1957 709 1998 sese
759 1939 980 2002 Caesari
1006 1959 1109 2019 per
1136 1941 1369 2002 nuutios
1408 1941 1735 2013 excusavit,
1768 1940 1929 2019 quod
1960 1940 2037 2000 ad
2086 1961 2222 2002 eum
2267 1943 2344 2003 ab
2371 1942 2541 2006 initio

318 2051 447 2093 non
502 2035 773 2110 venisset,
801 2057 878 2098 ne
922 2037 1289 2118 principibus
1314 2037 1484 2100 simul
1522 2037 1821 2117 digressis,
1850 2037 2023 2117 plebs
2065 2056 2171 2118 per
2193 2035 2540 2118 3⁵²justitiam

318 2129 444 2191 falli
476 2144 697 2211 posset,
720 2145 782 2196 et
801 2155 838 2195 a
865 2136 1130 2200 Romana
1150 2135 1271 2197 fide
1299 2136 1491 2216 pravis
1520 2134 1762 2198 sortasse
1790 2135 2049 2206 consiliis
2077 2135 2325 2214 impulsa
2352 2137 2542 2202 disce·

323 2228 493 2292 dere.
580 2232 877 2304 Caeterurn
906 2253 969 2294 se
995 2242 1057 2294 et
1076 2232 1369 2294 civitatem
1415 2234 1599 2311 ipsam
1641 2231 1701 2291 in
1757 2232 2000 2292 arbitrio
2030 2253 2138 2294 suo
2181 2252 2330 2306 esse,
2359 2254 2539 2314 seque

320 2326 403 2388 ad
426 2347 563 2387 eum
607 2327 652 2387 si
680 2328 1048 2409 praeceperit,
1076 2330 1276 2392 venire
1303 2348 1489 2409 prono
1519 2327 1712 2390 animo
1741 2340 2031 2409 paratum.
2118 2331 2312 2392 Coesar
2334 2351 2540 2411 quam·

321 2445 510 2507 qnam
537 2445 658 2486 non
686 2427 918 2507 ignarus
947 2426 1103 2490 unde
1135 2428 1266 2490 haec
1295 2425 1459 2488 dicta
1486 2426 1899 2506 procederent,
1943 2446 2018 2487 ne
2062 2436 2257 2487 tamen
2307 2436 2541 2509 tempus

316 2525 384 2586 in
412 2523 671 2585 Treviris
715 2533 927 2586 tereret
969 2525 1167 2586 venire
1205 2523 1366 2585 illum
1416 2525 1491 2586 ad
1542 2546 1605 2593 se
1637 2526 1824 2607 jussit
1849 2546 1982 2589 cum
2015 2524 2290 2589 ducentis
2321 2526 2543 2589 obsidi-

320 2623 460 2695 bus,
484 2622 541 2682 in
570 2621 787 2702 quibus
814 2630 874 2683 et
901 2622 1056 2683 filins
1083 2622 1213 2702 ejus
1241 2622 1352 2687 fuit
1378 2633 1439 2684 et
1465 2623 1783 2704 propinqui
1822 2624 2070 2703 aliquot,
2101 2643 2275 2703 quem
2305 2623 2541 2685 venien-

316 2730 443 2783 tem
462 2717 633 2780 ⁶³levi
674 2718 936 2783 oratione
952 2719 1296 2798 complexus
1321 2719 1398 2779 ad
1430 2720 1717 2785 Romanae
1745 2719 2024 2789 amicitiae
2053 2704 2539 2800 perseverantiam

320 2814 706 2888 cohortatur,
750 2836 889 2878 cum
922 2818 1178 2897 primum
1220 2825 1375 2881 esset
1415 2817 1492 2881 ad
1534 2817 1854 2879 amicitiam
1894 2814 2308 2877 exhortandus.
2390 2817 2542 2879 Tre·

318 2916 580 2977 virorum
617 2926 813 2977 tamen
857 2914 1217 2999 primoribus
1246 2914 1589 2981 nominatim
1617 2913 2053 2994 Cingetorigem
2081 2913 2539 2988 commendavit,

320 3033 448 3085 non
476 3011 660 3074 modo
700 3012 837 3092 quia
884 3012 982 3072 ille
1026 3012 1100 3073 sit
1141 3011 1420 3099 meritus3
1465 3012 1570 3075 sed
1600 3011 1742 3092 quia
1767 3020 1829 3072 et
1878 3010 1988 3075 sibi
2016 3010 2335 3091 expediens
2382 3011 2544 3091 vide·

318 3112 503 3175 batur
530 3110 783 3180 amicum
808 3129 978 3171 suum
999 3119 1060 3170 et
1086 3094 1301 3201 populi
1332 3109 1583 3171 Romani
1612 3129 1716 3171 sua
1759 3108 1818 3168 in
1847 3108 2038 3189 patria
2064 3108 2313 3168 multum
2339 3127 2542 3189 posse,

318 3208 685 3290 optimisque
710 3207 1007 3273 omnibus
1016 3227 1217 3293 carum
1241 3227 1383 3269 esse.
1469 3209 1777 3273 Enimvero
1805 3205 2229 3267 Indiciomarus
2256 3224 2385 3266 eam
2416 3225 2542 3267 rem

316 3307 468 3371 tulit
494 3306 829 3386 aegerrime3
860 3314 1090 3369 tantum
1115 3305 1227 3367 sibi
1252 3303 1615 3386 populariter
1641 3292 1843 3383 gratim
1869 3302 2028 3363 demi
2056 3301 2331 3374 sentiens,
2353 3310 2542 3383 quan?—

314 3413 447 3469 tum
486 3402 821 3469 adversario
863 3403 1239 3477 accessisset,
1287 3402 1506 3482 quique
1544 3400 1739 3463 animo
1769 3399 2037 3463 inimicus
2063 3409 2207 3470 erat,
2256 3400 2407 3458 hanc
2457 3398 2537 3459 ob

317 3520 565 3569 causam
611 3502 798 3563 multo
830 3500 1005 3563 etiam
1036 3500 1321 3571 inimicior
1368 3499 1562 3560 factus
1609 3509 1719 3558 est.
1802 3499 2001 3558 Caesar
2055 3517 2128 3555 ex
2174 3495 2432 3571 Treviris
2461 3495 2537 3556 ad

312 3599 487 3660 illum
518 3619 696 3689 quem
739 3599 864 3659 dixi
890 3607 1128 3679 portum
1158 3597 1345 3661 lcinm
1389 3597 1548 3658 venit
1596 3617 1729 3658 cum
1772 3595 2069 3657 exercitu:
2122 3593 2243 3653 illic
2286 3592 2537 3655 classem

314 3706 509 3759 totam
539 3706 930 3775 praeparatam
971 3695 1207 3775 reperit,
1250 3703 1467 3775 praeter
1498 3693 1799 3775 sexaginta
1847 3712 2025 3752 naves
2056 3710 2191 3770 quae
2231 3690 2292 3749 in
2322 3688 2539 3751 Meldis

315 3793 495 3855 fectae
524 3802 710 3866 erant,
741 3812 1008 3873 quasque
1026 3813 1058 3853 a
1087 3792 1324 3872 reliquis
1354 3793 1633 3873 procellae
1662 3790 1835 3855 niaris
1876 3796 2223 3858 averterant,
2252 3797 2432 3867 atque
2459 3787 2535 3848 ad

312 3891 480 3952 littus
510 3889 671 3951 unde
713 3890 1013 3962 solverant
1064 3890 1335 3950 refecisse
1375 3887 1809 3950 64fatebantur:
1853 3886 2059 3949 florem
2088 3904 2327 3964 quoque
2358 3884 2538 3946 totius

320 3988 545 4049 Gallici
572 3988 867 4049 exercitus
892 3987 1112 4048 invenit
1139 3997 1393 4068 quatuor
1421 3985 1609 4046 milia.
1651 3995 1815 4045 erant
1856 4003 2052 4044 omnes
2089 3982 2213 4043 sere
2237 3972 2537 4063 principes

322 4084 697 4189 Galliarum:
740 4104 992 4165 quorum
1019 4096 1250 4164 partem
1279 4082 1456 4154 illam,
1480 4102 1657 4163 quam
1707 4081 1821 4142 sibi
1848 4079 2028 4142 fidam
2050 4082 2235 4141 rebus
2258 4086 2537 4189 senserat,

312 4232 670 4364 &Furta
705 4230 933 4283 omnim.
935 4234 1066 4283 -62
1098 4231 1276 4298 Forte,
1315 4189 1703 4284 inanima—63
1743 4228 1905 4295 Lege,
1931 4229 2175 4282 leni—64
2197 4229 2380 4292 Forte,
2401 4223 2536 4288 feu·
