3117 5025
626 374 802 443 1868
1236 397 1298 447 ι.
1344 396 1556 445 οειει
1608 395 2144 448 concnam-Anu

625 524 861 586 ditiores
887 527 962 587 a'd
995 541 1183 590 castra
1216 531 1367 610 regis
1401 532 1708 593 evaderent
1735 556 1754 600 ι
1804 553 1926 611 quo
1972 553 2105 593 cum
2144 533 2450 604 venisseut,
2476 553 2546 595 ea
2574 552 2840 615 quoque,

621 620 823 701 fugato
852 644 1005 705 rege,
1026 648 1057 686 a
1079 629 1422 689 Caesarianis
1452 641 1629 708 capta
1650 631 2055 709 conspiciunt:
2097 640 2222 690 tum
2251 630 2520 709 deposita
2549 650 2656 708 spe
2683 632 2838 691 sulu-

622 719 717 792 tis,
748 724 1040 800 quendam
1074 727 1131 785 iu
1162 727 1354 786 locum
1387 727 1611 788 editum
1644 748 1705 788 se
1736 728 2047 806 recipiunt,
2096 726 2269 806 [238]
2297 738 2478 805 atque
2507 727 2646 787 iude
2688 728 2839 787 salu·

623 818 897 879 tationem
928 823 1230 883 militarem
1262 828 1609 884 ⁵¹armoruin
1632 837 1975 904 supererant
2019 837 2204 897 motu,
2249 826 2493 895 faciunt,
2537 824 2837 904 quod-pe·-

622 916 818 976 teudae
867 920 1272 981 misericordiae
1318 923 1540 995 signum
1570 934 1741 984 erait
1811 925 1913 984 sed
1955 925 2100 984 nihil
2143 924 2230 985 eis
2273 924 2513 1000 profuit.
2551 923 2840 984 militibus

624 1016 912 1074 veteranis
944 1018 1026 1076 ira
1053 1029 1111 1078 et
1157 1019 1363 1078 dolore
1393 1017 1786 1091 inflammatis,
1817 1033 1876 1080 et
1906 1021 1960 1081 in
1992 1020 2220 1083 caedem
2247 1020 2552 1082 obstinatis
2580 1039 2654 1078 ac
2687 1018 2841 1078 rabi-

622 1108 738 1182 dis,
764 1131 881 1173 nou
913 1116 1093 1175 modo
1137 1116 1469 1193 persuaderi
1522 1127 1583 1176 ut
1636 1117 1902 1177 hostibus
1947 1129 2258 1196 parcerent
2299 1137 2418 1178 uon
2463 1117 2685 1195 potuit,
2730 1116 2834 1175 sed

620 1206 843 1286 aliquot
867 1211 1043 1271 etiam
1074 1213 1323 1273 illustres
1350 1215 1501 1273 viros
1529 1213 1606 1273 de
1634 1234 1871 1274 numero
1900 1235 2177 1287 suorum:
2210 1215 2372 1294 quod
2403 1233 2511 1292 pro
2536 1212 2838 1273 ⁵²miseriis

624 1302 985 1369 intercedere
1036 1314 1161 1370 ausi
1210 1311 1460 1381 fuerant,
1506 1311 1820 1371 sraeuautes
1861 1311 2165 1390 impetum,
2194 1322 2255 1372 et
2295 1311 2355 1370 in
2400 1311 2555 1370 cives
2603 1309 2839 1370 minium

624 1401 1075 1479 ⁵³admouentes,
1116 1428 1292 1486 quam
1341 1409 1614 1468 virtutem
1659 1408 1800 1467 duci
1838 1427 1947 1467 suo
1996 1417 2212 1467 norant
2255 1427 2383 1468 esse
2429 1406 2838 1483 gratissimam,

623 1496 858 1568 inflictis
887 1504 1223 1565 vulneribus
1264 1505 1641 1567 occiderunt:
1685 1507 1742 1565 in
1789 1507 2005 1584 quibus
2051 1506 2166 1566 fuit
2209 1504 2400 1566 Rufus
2444 1503 2840 1574 Quaestorius,

623 1596 727 1674 qui
771 1619 808 1659 a
851 1601 1031 1662 milite
1050 1603 1261 1681 jaculo
1312 1602 1593 1679 trajectus
1616 1602 1857 1675 interiit:
1900 1623 2006 1664 nec
2037 1621 2152 1663 nou
2187 1613 2250 1663 et
2293 1599 2612 1678 Pompejus
2641 1598 2838 1659 Rufus

625 1693 929 1758 brachium
958 1701 1155 1778 gladio
1182 1719 1498 1778 percussus
1527 1701 1936 1773 occidebatur,
1965 1700 2073 1760 uisi
2108 1699 2185 1760 ad
2217 1701 2510 1761 Caesarem
2539 1695 2840 1774 confugis-

625 1804 744 1854 set:
792 1808 990 1858 tantus
1021 1810 1256 1875 tamque
1287 1797 1610 1859 indomitus
1659 1799 1902 1860 militum
1933 1800 2111 1860 ardor
2136 1807 2280 1869 erat,
2313 1806 2472 1856 tanta
2515 1815 2590 1853 ex
2622 1813 2839 1854 memo·

626 1891 705 1950 ria
733 1907 1025 1972 gesturum
1052 1916 1243 1957 rerum
1273 1895 1631 1957 confidentia
1660 1916 1732 1958 ac
1763 1896 2052 1974 peccandi
2083 1894 2338 1963 licentia,
2367 1901 2534 1952 tanta
2577 1912 2651 1950 ex
2695 1890 2838 1949 odio

624 1989 1013 2053 resistentium
1062 1994 1283 2053 cruoris
1338 1994 1481 2066 sitis,
1541 2005 1608 2054 ut
1655 1994 1819 2055 multi
1874 1992 2147 2072 exemplo
2185 1990 2387 2062 territi,
2435 1999 2736 2048 senatores
2777 2001 2839 2053 et

624 2084 876 2147 Romani
901 2089 1129 2166 equites
1179 2090 1405 2168 campis
1440 2090 1814 2162 excederent,
1843 2111 1916 2151 ne
1941 2090 2002 2149 iu
2041 2090 2224 2150 simile
2256 2081 2645 2147 ”discrimine
2693 2086 2839 2147 iuci-

622 2182 848 2243 derent.
933 2185 1094 2255 Quin
1145 2199 1199 2245 et
1244 2187 1370 2265 ipse
1400 2189 1601 2249 Caesar
1627 2209 1735 2268 pro
1765 2190 1990 2250 miseris
2016 2185 2358 2257 intercessit,
2387 2203 2690 2262 agensque
2717 2204 2837 2244 nou

627 2299 735 2359 pro
783 2281 1027 2360 imperio
1066 2283 1168 2344 sed
1219 2285 1423 2344 aiuicis
1465 2288 1746 2365 precibus
1791 2309 1862 2348 ne
1907 2286 2182 2367 perirent,
2228 2283 2370 2344 nihil
2419 2281 2722 2342 obtinuit:
2762 2284 2835 2342 ad

625 2397 801 2438 unum
845 2380 1179 2459 inexpiabili
1220 2381 1361 2442 odio
1387 2383 1528 2443 caesi
1556 2401 1797 2444 omnes:
1844 2384 1938 2445 liic
1980 2383 2265 2443 bellorum
2308 2379 2571 2439 civilium
2607 2377 2837 2439 fructus

625 2492 774 2537 erat:
809 2477 942 2539 hinc
972 2479 1311 2551 crudelitas,
1356 2480 1473 2542 illic
1516 2502 1690 2545 mors.
1776 2481 1911 2542 Nou
1963 2493 2056 2543 est
2105 2479 2228 2541 visa
2264 2476 2655 2557 scriptoribus
2695 2476 2840 2536 auti-

578 2618 581 2623 «
625 2573 777 2650 quis,
800 2594 910 2637 nec
941 2576 1083 2636 mihi
1132 2579 1309 2639 etiam
1339 2577 1570 2639 videtur
1619 2578 1843 2639 silentio
1870 2580 2272 2658 praetereuuda
2306 2579 2456 2639 inter
2493 2574 2602 2633 hos
2635 2584 2832 2634 motus

626 2672 885 2732 veterani
931 2672 1114 2734 virtus
1167 2676 1363 2736 militis
1417 2677 1639 2755 quiutae
1686 2676 1956 2756 legionis:
2006 2696 2142 2736 uam
2182 2674 2323 2735 dum
2379 2682 2742 2752 pugnaretur
2783 2683 2841 2732 et

622 2768 775 2827 laevo
805 2769 862 2829 in
891 2790 1072 2832 cornu
1094 2772 1338 2851 elephas
1364 2774 1722 2845 vulneratus,
1750 2784 1810 2833 et
1838 2775 2039 2835 dolore
2086 2771 2342 2833 vulneris
2385 2770 2660 2840 irritatus,
2689 2767 2839 2828 forte

625 2865 900 2926 inermem
931 2868 990 2928 in
1021 2869 1193 2930 lixam
1222 2870 1517 2941 irruisset:
1561 2880 1623 2930 et
1649 2871 2006 2931 substratum
2040 2870 2289 2950 pedibus
2334 2888 2406 2928 ac
2445 2868 2604 2928 mole
2632 2885 2843 2944 corpo·

623 2963 701 3021 ris
732 2984 1080 3044 oppressum
1124 2979 1185 3027 et
1214 2967 1442 3047 maguis
1472 2967 1827 3029 stridoribus
1857 2969 2122 3029 territum
2151 2964 2501 3027 conficeret:
2549 2962 2841 3024 horrendo

625 3060 962 3137 spectaculo
991 3062 1065 3122 ad
1112 3064 1571 3124 misericordiam
1604 3075 1820 3136 motus,
1849 3064 2056 3124 stricto
2093 3064 2289 3143 gladio
2314 3062 2576 3123 occurrit
2613 3064 2839 3123 laturus

625 3177 822 3235 opem,
852 3178 1036 3217 seram
1067 3159 1238 3228 licet;
1262 3162 1388 3238 jam
1420 3163 1578 3222 enim
1609 3162 1703 3223 ille
1725 3163 1903 3223 miser
1933 3162 2430 3242 ⁵⁵exprimnverat.
2513 3160 2668 3220 Cum
2699 3180 2839 3221 vero

623 3252 863 3331 elephas
891 3274 1017 3314 sese
1044 3255 1199 3315 ferro
1226 3258 1347 3335 peti
1374 3259 1537 3329 vidit,
1570 3259 1745 3338 [239]
1771 3258 1990 3319 omisso
2027 3262 2315 3319 cadavere
2358 3277 2558 3317 versus
2587 3257 2644 3315 in
2688 3257 2842 3317 mili·

626 3361 763 3421 tem,
809 3353 1157 3430 proboscide
1201 3355 1661 3416 circumventum
1701 3358 1759 3416 in
1792 3358 1976 3417 altum
2003 3357 2252 3417 extulit:
2297 3357 2478 3416 sensit
2529 3355 2693 3413 miles
2742 3353 2840 3414 ubi

623 3459 797 3519 esset,
825 3459 886 3509 et
933 3449 1042 3509 sibi
1087 3461 1187 3510 aut
1240 3451 1477 3512 viriliter
1525 3453 1819 3532 agendum
1864 3464 1967 3515 aut
2021 3453 2263 3513 viriliter
2306 3450 2671 3512 moriendum
2716 3470 2841 3511 esse

624 3547 920 3623 coguovit,
950 3547 1146 3625 gladio
1172 3569 1312 3629 ergo
1340 3571 1517 3629 quem
1559 3552 1620 3611 in
1663 3552 1936 3612 manibus
1968 3546 2230 3612 habebat
2276 3548 2692 3630 proboscidem
2723 3548 2843 3608 bel-

623 3646 737 3705 luae
788 3646 1203 3726 vinculumque
1268 3670 1433 3709 suum
1492 3651 1715 3711 crebris
1765 3651 2029 3729 repetitis
2088 3649 2303 3710 ictibus
2359 3647 2652 3727 perforat:
2723 3666 2840 3726 quo

628 3745 816 3805 victus
859 3746 1095 3824 elephas
1136 3752 1425 3819 cruciatu,
1473 3750 1635 3827 spuit
1685 3748 1760 3809 ad
1816 3758 2026 3808 terram
2078 3747 2320 3807 militem
2361 3744 2737 3814 incolumem,
2786 3756 2846 3803 et

624 3844 797 3903 solito
826 3863 962 3903 cum
1005 3845 1250 3905 stridore
1293 3846 1367 3905 ad
1417 3864 1727 3923 compares
1765 3845 1964 3904 beluas
1995 3864 2171 3904 cursu
2201 3842 2412 3921 rapido
2442 3862 2501 3902 se
2532 3841 2843 3900 convertit.

620 3941 880 4001 Tantum
912 3942 1069 4001 valet
1100 3943 1157 4001 in
1189 3943 1446 4021 periculo
1475 3955 1760 4021 praesente
1792 3943 2114 4003 interritum
2143 3942 2403 4001 animum
2423 3941 2658 3999 babere.
2716 3939 2842 3998 Cae·

628 4058 720 4097 sar
751 4037 896 4097 trina
926 4050 1116 4097 castra
1147 4040 1403 4099 hostium
1433 4040 1707 4120 adeptus,
1739 4038 2050 4118 Scipionis,
2082 4038 2254 4100 Jubae
2282 4048 2341 4097 et
2384 4036 2650 4107 Labieni,
2679 4035 2843 4096 caesis

692 4204 749 4247 ⁵¹
793 4200 949 4265 Lege,
989 4198 1241 4265 ‹tl-mum,
1280 4220 1384 4268 ⁴1⁸oe
1423 4211 1719 4270 supererant,
1759 4210 2037 4256 metm—52
2073 4205 2231 4267 Lege,
2268 4201 2597 4250 miseria—53
2634 4197 2840 4266 Aliquid

617 4278 786 4343 deest,
810 4279 945 4332 forte
970 4282 1401 4336 scaniensium—54
1436 4287 1598 4352 Lege,
1617 4284 2018 4337 discrimem-55
2059 4284 2232 4347 Forte,
2252 4282 2570 4346 expirat-erut.
