3117 5025
654 372 824 437 1810
1264 391 1323 440 J.
1370 389 1586 439 cansr
1633 383 2172 440 conmanunt:

651 551 751 601 alit
779 559 815 601 a
839 539 1055 619 quibus
1080 549 1425 620 caperentur
1450 540 1749 602 advertere
1777 540 2124 622 potuissent.
2209 541 2311 602 Sic
2342 541 2541 602 multis
2564 542 2855 604 hominum

650 638 889 698 milibus
910 639 1118 717 captis,
1148 639 1351 718 reliqui
1381 639 1678 719 Bituriges
1700 659 1805 719 per
1832 639 2050 699 vicinas
2073 640 2248 701 urbes
2286 640 2531 700 salutem
2562 640 2696 710 sibi,
2730 641 2858 699 lios·

612 801 619 806 ,
649 737 841 814 pirum
870 736 1250 815 indulgentia,
1288 745 1348 796 et
1379 735 1605 816 privata
1641 735 1776 807 fide,
1811 745 1914 795 aut
1944 737 2187 817 publica
2223 738 2592 798 consiliorum
2623 739 2859 817 partici-

649 833 906 910 patione,
953 834 1294 912 quaerebant
1320 855 1335 894 :
1372 834 1471 894 sed
1503 832 1947 913 nequidquam:
1978 835 2274 895 eeleritate
2302 836 2457 895 enim
2487 836 2584 894 illa
2604 855 2712 895 sua
2736 837 2857 896 ubi·

649 949 767 1009 que
809 931 1008 991 Caesar
1050 941 1198 1002 erat,
1231 951 1365 1011 qnae
1416 941 1476 992 et
1521 932 1741 992 amicos
1792 933 2077 1006 servabat,
2119 945 2180 993 et
2232 933 2448 994 dubios
2488 934 2548 992 in
2604 933 2727 993 fide
2769 933 2861 994 fir-

647 1029 870 1100 mabat,
923 1040 983 1090 et
1040 1029 1235 1089 hostes
1288 1030 1547 1091 terrebat
1605 1041 1785 1110 atque
1853 1030 2151 1103 turbabat,
2222 1051 2412 1112 neque
2468 1031 2572 1091 ulli
2634 1031 2858 1111 populo

644 1145 894 1187 vacuum
924 1127 1154 1188 sinebat
1196 1129 1271 1187 de
1299 1127 1487 1187 aliena
1516 1129 1698 1206 prius,
1727 1148 1905 1208 quain
1934 1129 2010 1189 de
2039 1148 2142 1190 sua
2179 1132 2365 1189 salute
2402 1148 2608 1189 curam
2638 1150 2858 1209 gerere.

640 1225 881 1285 Exclusi
929 1224 1188 1305 undique
1244 1225 1532 1304 Bituriges
1587 1228 1707 1287 ⁴⁹at
1764 1247 1992 1307 semper
2045 1237 2376 1307 promptam
2433 1247 2505 1287 ac
2557 1237 2855 1305 patentem

639 1323 914 1382 omnibns
945 1323 1400 1383 misericordiam
1450 1324 1699 1385 Caesaris
1749 1324 1970 1386 rediere
1991 1348 2008 1396 ;
2055 1324 2325 1404 datisque
2367 1323 2681 1386 obsidibus
2722 1335 2858 1385 sunt

640 1420 884 1501 recepti,
911 1439 1027 1480 non
1056 1420 1130 1480 ad
1160 1420 1569 1498 impunitatem
1616 1421 1813 1495 modo,
1838 1422 1938 1482 sed
1968 1422 2041 1484 ad
2072 1422 2340 1500 gratiam,
2366 1423 2445 1482 ita
2476 1433 2540 1481 ut
2568 1442 2710 1482 eum
2729 1422 2856 1500 jam

637 1517 934 1597 digressus
1008 1518 1233 1597 legatos
1288 1538 1489 1578 eorum
1556 1520 1892 1597 recepisset,
1947 1539 2119 1599 opem
2190 1520 2501 1598 poscentes
2573 1520 2856 1581 adversus

638 1615 946 1685 Carnutes,
976 1616 1079 1694 qui
1119 1635 1222 1675 eos
1261 1616 1479 1694 proeliis
1518 1616 1823 1678 lacessisse
1864 1617 2164 1688 dicebant,
2207 1636 2321 1677 non
2365 1624 2592 1677 tautum
2637 1618 2856 1678 miserit

636 1711 933 1782 auxilium,
961 1713 1076 1773 .sed
1109 1712 1326 1784 tulerit,
1360 1732 1549 1790 eoque
1578 1733 1712 1773 cum
1758 1712 2060 1792 copiarum
2103 1723 2268 1792 parte
2315 1713 2671 1792 perrexerit:
2716 1736 2854 1794 qua:

637 1809 824 1871 ditata
865 1810 1084 1888 praedis
1125 1811 1479 1889 ingentibuS,
1524 1831 1661 1870 cum
1702 1813 1984 1872 Carnutes
2017 1811 2429 1872 difficultatum
2471 1811 2546 1871 ad
2588 1821 2855 1873 extrema

635 1907 971 1986 redegisset,
1003 1928 1113 1985 pro
1162 1918 1330 1988 parte
1358 1908 1599 1968 ⁵⁰animi
1650 1909 1893 1969 adversa
1934 1910 2071 1970 satis
2117 1920 2328 1998 actum·
2361 1921 2542 1982 ratus,
2591 1911 2851 1973 hostium

631 2004 965 2066 distraxisse
991 2017 1318 2080 contentus,
1368 2027 1439 2066 ne
1468 2006 1609 2085 quid
1641 2029 1716 2067 ex
1745 2008 1971 2068 hiberni
2000 2007 2229 2070 consilii
2278 2007 2592 2068 seminibus
2623 2009 2850 2069 bellum

633 2103 865 2181 gravius
894 2123 1026 2164 vere
1074 2113 1434 2177 nasceretur,
1480 2104 1785 2165 abscessit.
1871 2108 2028 2166 Dum
2057 2126 2199 2166 ecce
2240 2105 2601 2165 Rhemorum
2633 2105 2851 2185 legatio

630 2201 1022 2280 querentium,
1071 2200 1418 2261 Bellovacos
1446 2201 1600 2262 inter
1624 2221 1826 2262 omnes
1854 2202 2064 2264 Gallos
2095 2201 2253 2263 bello
2281 2201 2491 2274 claros,
2520 2201 2850 2265 exercitum

631 2316 974 2378 comparare
1031 2309 1096 2359 ut
1149 2299 1517 2359 Suessionem
1569 2318 1734 2360 suam
1782 2300 1981 2359 urbem
2030 2298 2410 2359 invaderent:
2455 2296 2629 2378 [16⁴2]
2659 2298 2848 2362 duces

626 2414 753 2456 esse
782 2396 1058 2457 Comium
1090 2396 1424 2456 Atrebatem
1453 2395 1707 2456 amicum
1736 2395 2034 2474 quondam
2065 2396 2336 2467 Coesaris,
2367 2394 2850 2477 ⁵¹Corbeumqne

630 2492 1029 2565 Bellovacum,
1095 2492 1193 2554 cni
1245 2492 1491 2553 maxime
1549 2491 1628 2552 ab
1675 2492 1949 2555 omnibus
2014 2502 2310 2574 pareatur,
2368 2491 2636 2571 quodei
2705 2505 2848 2557 ante

626 2609 829 2651 ornnes
860 2592 1190 2651 Romanum
1221 2609 1432 2651 nomen
1464 2588 1607 2649 odio
1650 2599 1805 2651 esset
1852 2589 2091 2670 ingenti.
2172 2589 2311 2649 Non
2360 2588 2592 2649 censuit
2638 2590 2848 2652 Caesar

623 2688 940 2768 expediens
965 2706 1159 2770 neque
1186 2690 1492 2749 honestum
1535 2685 1731 2747 socios
1751 2687 1913 2748 ⁴bene
1941 2686 2179 2747 meritos
2211 2686 2269 2745 in
2296 2695 2474 2746 tanta.
2491 2688 2847 2750 necessitate

623 2785 927 2846 deserere:
970 2787 1171 2865 itaque
1198 2785 1402 2865 hyeme
1429 2783 1644 2855 media,
1676 2803 1786 2844 nec
1815 2783 1925 2845 sibi
1951 2802 2195 2860 parcens
2217 2802 2328 2843 nec
2359 2781 2666 2854 militibus,
2698 2803 2845 2844 eum

624 2893 880 2960 quatuor
905 2883 1226 2962 legionibus
1251 2900 1325 2941 eo
1354 2880 1680 2960 profectus,
1702 2880 1909 2959 positis
1936 2881 2165 2951 castris,
2188 2879 2557 2958 cognitisque
2580 2879 2844 2942 bostium

623 2978 905 3055 consiliis,
933 2979 1220 3059 comperit
1244 2979 1469 3037 nullum
1501 2976 1619 3037 sere
1646 2984 1864 3056 praeter
1892 2977 2140 3037 rusticos
2168 2976 2225 3035 in
2252 2973 2519 3036 aedificiis
2547 2974 2840 3037 inveniri:

620 3075 965 3154 demigrasse
1003 3095 1206 3136 omnes
1251 3074 1598 3136 Bellovacos
1626 3073 1802 3135 armis
1848 3073 2116 3145 idoneos,
2169 3081 2231 3135 et
2275 3093 2413 3133 cum
2453 3072 2537 3132 eis
2580 3071 2840 3134 aliarum

621 3172 881 3251 quinque
925 3172 1176 3251 populos
1219 3173 1560 3232 civitatum:
1604 3172 1726 3231 alto
1755 3189 1876 3230 uno
1923 3189 2123 3231 omnes
2152 3169 2212 3229 in
2242 3170 2377 3230 loeo
2405 3177 2468 3230 et
2513 3169 2840 3255 paludibus

620 3268 863 3347 ⁵²·cepto
913 3278 1169 3329 castrum
1216 3277 1470 3329 metatos
1513 3268 1865 3341 consedisse,
1894 3266 2148 3327 Caesaris
2199 3264 2840 3345 expectantes-adven·

622 3376 784 3439 tum:
831 3376 896 3429 ut
924 3369 972 3427 si
1016 3386 1157 3426 cum
1202 3366 1403 3437 tribus,
1453 3375 1519 3426 ut
1561 3365 1719 3425 fama
1762 3374 1903 3434 erat,
1953 3363 2281 3443 legionibus
2332 3361 2570 3434 veniret,
2622 3363 2841 3440 proelio

619 3466 1042 3536 decernerent:
1108 3463 1156 3522 si
1204 3482 1340 3523 cum
1391 3462 1610 3532 multis,
1662 3462 1780 3524 loci
1829 3482 1892 3522 se
1935 3460 2284 3521 difficultate
2323 3457 2726 3530 defenderent,
2775 3469 2840 3543 et

617 3562 820 3642 inopia
864 3561 1066 3641 pabuli
1113 3580 1185 3620 ac
1234 3560 1529 3631 frumenti,
1576 3570 1636 3619 et
1663 3560 1981 3640 asperrima
2006 3567 2174 3636 parte
2220 3556 2381 3628 anni,
2429 3574 2566 3641 qua:
2609 3574 2717 3633 pro
2747 3558 2835 3618 eis

615 3659 808 3719 omnia
837 3668 1047 3718 contra
1073 3658 1366 3718 Caesarem
1410 3656 1742 3718 militarent.
1827 3658 1980 3727 Quae
2027 3655 2122 3714 ille
2169 3652 2429 3725 audiens,
2478 3661 2571 3712 sat
2597 3662 2840 3713 matura

614 3769 675 3818 et
704 3755 936 3817 minime
968 3754 1279 3815 barbarica
1309 3754 1553 3818 consilia
1574 3754 1906 3831 judicavit:
1949 3752 2009 3811 in
2040 3751 2100 3812 id
2135 3750 2385 3810 maxime
2430 3750 2712 3821 intentus,
2763 3762 2836 3811 ut

615 3874 821 3915 manus
848 3854 1068 3924 hostes,
1118 3860 1315 3930 spreta
1340 3870 1571 3910 suorum
1599 3851 1917 3930 paucitate,
1949 3857 2359 3917 consererent:
2404 3844 2593 3906 fidens
2622 3865 2832 3907 secum

614 3971 835 4030 paucos
879 3949 1115 4029 quidem
1163 3967 1427 4020 nurnero,
1474 3946 1578 4008 sed
1622 3955 1894 4027 expertos
1943 3946 2110 4007 bellis
2155 3952 2560 4025 spectataeque
2589 3941 2831 4004 virtutis

674 4170 740 4215 49
793 4164 953 4227 Lege,
990 4163 1205 4215 ud.--50
1252 4163 1433 4227 Forte,
1463 4159 1719 4214 unvair-51
1772 4161 2116 4231 Coi-reumque:
2148 4157 2223 4209 sic
2263 4157 2594 4213 Omen—52
2645 4155 2831 4222 Forte,

610 4250 740 4311 septo
762 4248 937 4295 castra.
