3117 5025
900 423 999 471 na
1046 423 1225 474 vrrs
1271 423 1477 474 sumi
1526 424 1881 477 uAESARIS.
2319 408 2490 482 1741

284 567 510 629 Veneto
538 568 599 630 in
627 570 783 632 bello
813 593 953 634 usus
978 583 1103 636 erat
1140 593 1293 636 anno
1335 575 1553 648 altero:
1599 586 1662 637 et
1702 597 1840 657 quse
1886 578 2092 640 amicis
2135 598 2208 639 ex
2247 579 2496 659 regioni-

287 663 394 725 bus
432 667 670 728 interim
710 669 948 733 redacta
1002 672 1291 752 ingentem
1338 675 1576 736 navium
1619 695 1922 738 numerum
1968 676 2326 755 expleverat.
2409 679 2504 738 Et,

274 761 399 839 jam
442 765 604 826 fama
643 768 1039 830 Romanorum
1092 791 1129 831 a
1156 772 1466 836 Germanis
1520 772 1866 861 transiverat
1906 774 1981 834 ad
2032 773 2378 836 Britannosx
2425 783 2490 836 et

277 876 529 936 presens
565 863 807 944 insuper
841 877 1161 946 apparatus
1187 867 1305 928 late
1352 880 1574 929 metum
1619 879 1925 947 sparserat.
1947 871 2078 950 [73]
2103 872 2311 950 ltaque
2339 874 2496 944 mul(

284 965 469 1020 tarum
500 960 707 1022 insulae
752 964 1055 1025 civitatum
1084 964 1273 1024 nuntii
1300 965 1591 1025 Caesarem
1620 965 1859 1037 adeunt,
1891 976 1951 1026 et
1991 964 2225 1026 obsides
2257 977 2319 1028 et
2344 969 2489 1030 obe-

277 1051 547 1116 dientiam
595 1060 1034 1136 promittentes:
1076 1060 1184 1121 hos
1228 1060 1495 1140 benigne·
1518 1060 1865 1142 suscipiens,
1895 1073 1956 1123 et
1983 1082 2188 1124 sereno
2226 1067 2394 1126 vultu
2424 1076 2489 1128 et

276 1151 395 1212 miti
445 1154 714 1217 oratione
749 1158 1139 1239 prosequitur,
1181 1158 1448 1220 hortatus
1498 1169 1566 1219 ut
1611 1159 1669 1219 in
1752 1160 2063 1239 proposito
2106 1173 2498 1241 perseverent-

277 1246 513 1312 domum
559 1254 809 1316 remittit
844 1265 907 1317 et
936 1276 1071 1317 cum
1100 1255 1322 1318 eisdem
1353 1256 1711 1317 ''communi
1757 1256 1984 1318 consilii
2027 1259 2222 1338 magni
2252 1259 2481 1333 virum3

272 1345 445 1426 inque
473 1350 596 1411 oris
634 1351 749 1413 illis
778 1353 1054 1415 omnibus
1094 1353 1462 1416 auctoritatis
1502 1355 1732 1418 eximiae
1759 1374 1834 1416 ac
1859 1363 2141 1435 spectatae
2171 1355 2336 1417 ¹²sibi
2365 1377 2485 1420 non

272 1441 637 1520 fidissimum,
694 1459 764 1510 ut
797 1451 1059 1514 rebatur.
1158 1454 1298 1524 Quo
1357 1451 1569 1514 merito
1620 1452 2029 1516 Attrebatibus
2072 1451 2250 1514 victis
2285 1474 2477 1534 regem

270 1539 424 1602 illum
451 1543 851 1625 imposuerat:
895 1569 1000 1628 per
1027 1569 1205 1629 quem
1236 1550 1484 1611 urbibus
1514 1550 1865 1612 Britannicis
1905 1549 2261 1630 persuadere
2292 1553 2482 1613 ¹³mit-

271 1638 404 1700 titur
443 1651 513 1703 ut
556 1644 786 1708 ratione
814 1646 953 1710 fidei
997 1668 1059 1710 se
1107 1648 1502 1721 committant,
1536 1667 1826 1728 suumque
1867 1647 1982 1708 illis
2009 1647 2242 1710 nuntiet
2267 1649 2483 1711 adven·

268 1747 403 1806 tum.
494 1747 806 1806 Venerunt
844 1745 909 1806 bt
947 1763 1178 1824 magnae
1232 1746 1416 1824 partis
1466 1745 1842 1810 Morinorum
1894 1745 2082 1806 nuntii
2123 1756 2474 1810 excusantes

268 1859 380 1902 ωε
418 1842 610 1923 gentis
638 1862 912 1914 errorem,
964 1840 1130 1922 quod
1172 1841 1457 1903 adversus
1505 1841 1791 1921 populum
1864 1841 2199 1903 Romanum
2239 1855 2485 1923 propter

267 1959 423 2001 suam
454 1941 856 2019 ¹“imparatam
883 1939 955 2000 ac
985 1937 1280 2000 turbidam
1300 1938 1630 2001 barbariem
1671 1936 2067 2011 rebellassent,
2099 1941 2291 1999 ¹⁵mox
2315 1940 2477 2012 vitio,

265 2055 376 2099 non
401 2037 545 2100 odio
581 2039 935 2104 animorum,
973 2044 1035 2097 et
1062 2045 1335 2116 petentes
1367 2035 1596 2097 veniam
1625 2044 1684 2096 et
1711 2033 2116 2115 poenitentiam
2135 2036 2492 2100 offerentes:-

258 2133 317 2194 id
347 2145 693 2215 pergratum
731 2134 952 2195 Caesari
1002 2132 1136 2205 fuit,
1168 2132 1333 2213 quod
1367 2133 1426 2192 in
1465 2131 1824 2193 Britanniam
1864 2134 2213 2195 transiturus
2254 2135 2477 2197 bellum

260 2230 463 2294 invitus
491 2243 637 2313 post
662 2243 826 2312 terga
852 2231 1191 2303 dimitteret,
1218 2249 1414 2310 neque
1445 2248 1607 2290 curae
1648 2230 2004 2292 Britannicae
2044 2230 2477 2311 praeferendum

261 2328 410 2390 aliud
439 2330 777 2391 extimaret.
861 2328 1155 2409 Impositis
1182 2328 1361 2408 igitur
1386 2327 1584 2389 multis
1614 2327 1943 2402 obsidibus,
1963 2328 2150 2408 petita
2179 2331 2475 2405 concedit,

263 2426 437 2488 classe
462 2437 672 2489 autem
700 2428 854 2490 sicut
883 2426 1140 2488 diximus
1168 2426 1447 2498 collecta,
1490 2425 1634 2486 dum
1682 2426 1757 2487 ad
1803 2426 2111 2487 transitum
2141 2446 2204 2487 se
2246 2443 2477 2507 praepa·

259 2534 361 2598 rat,
393 2546 604 2587 curam
633 2536 838 2606 portus
874 2546 945 2587 ac
990 2524 1316 2587 custodiam
1364 2523 1579 2584 Publio
1624 2523 1874 2604 Sulpitio
1920 2523 2096 2585 Ruffo
2138 2525 2473 2599 committit,

260 2640 385 2683 cam
423 2645 499 2686 eo
543 2622 712 2702 quod
755 2622 1017 2683 sufficere
1046 2622 1234 2683 visum
1279 2627 1371 2680 est
1412 2618 1711 2700 praesidio.
1791 2618 2117 2681 Residuum
2162 2621 2471 2701 copiarum

257 2718 311 2780 in
336 2721 654 2802 Menapios
681 2720 880 2791 mittit,
911 2728 1091 2800 atque
1130 2718 1191 2778 in
1238 2736 1367 2779 eam
1396 2731 1622 2797 partem
1679 2717 2065 2790 Morinorum,
2098 2715 2255 2777 unde
2282 2719 2469 2797 (quod

260 2816 587 2885 rebellionis
617 2818 903 2879 indicium
928 2816 1279 2896 apparebat)
1310 2815 1455 2876 nulli
1501 2814 1580 2875 ad
1624 2835 1761 2875 eum
1800 2814 1988 2875 nuntii
2016 2814 2339 2876 venissent:
2384 2815 2471 2875 bis

257 2914 549 2977 'litui-ium
574 2915 867 2977 Sabinum
896 2924 958 2975 et
978 2914 1232 2975 Lucium
1255 2911 1690 2991 Arunculejum
1712 2912 1950 2972 Cottam
1969 2910 2260 2991 praefecit.
2328 2910 2470 2974 Dies

254 3012 467 3076 interea
491 3013 849 3094 navigationi
879 3021 1055 3093 aptus
1082 3011 1274 3073 affuit:
1318 3030 1578 3091 cumque
1608 3009 1687 3071 de
1728 3009 1922 3071 littore
1963 3009 2202 3071 Gallico
2228 3009 2472 3089 profun-

257 3109 329 3171 da
364 3122 539 3174 nocte
599 3110 899 3182 solvisset..
928 3109 1214 3190 proximae
1256 3109 1403 3170 lucis
1447 3109 1592 3170 bora
1619 3118 1830 3188 quarta
1869 3107 2274 3169 Britannicum
2302 3109 2468 3169 littus

253 3208 549 3288 attigerat:
583 3210 947 3289 plenumque
984 3208 1126 3269 illud
1175 3207 1413 3269 armatis
1465 3207 1736 3268 hostibus
1758 3206 2154 3285 conspicatus,
2202 3226 2469 3288 proerup-

255 3314 451 3385 tasque
473 3326 658 3387 rupes
686 3305 898 3385 pelago
927 3304 1351 3387 impendentes,
1376 3305 1533 3366 unde
1556 3305 1659 3366 teli
1677 3306 1884 3384 jactus
1912 3313 2014 3365 aut
2039 3305 2247 3385 lapidis
2278 3325 2466 3386 usque

253 3402 320 3463 ad
362 3423 539 3465 naves
585 3403 760 3464 facile
805 3414 1189 3483 perventurus
1236 3412 1409 3474 esset,
1462 3402 1730 3463 substitit
1773 3420 2111 3482 parumper,
2141 3412 2463 3482 expectans

257 3519 377 3562 suos
416 3502 525 3582 qui
567 3500 781 3561 lentius
826 3499 1178 3562 veniebant:
1238 3499 1323 3559 sic
1375 3497 1433 3559 in
1475 3499 1747 3559 anchoris
1777 3518 1960 3579 usque
2003 3499 2079 3560 ad
2111 3500 2310 3560 horam
2342 3499 2463 3560 diei

253 3614 450 3677 nepam
486 3599 695 3660 stetit:
728 3597 860 3678 [74]
888 3606 1033 3658 tuno
1076 3597 1358 3658 assecutis
1400 3597 1695 3668 omnibus,
1724 3596 2047 3676 legatisque
2097 3606 2160 3657 et
2213 3596 2462 3657 tribunis

255 3694 514 3769 militum,
544 3716 621 3756 ac
666 3695 954 3775 magistris
996 3694 1226 3755 navium
1259 3692 1671 3756 ¹⁶vebementis
1712 3693 2040 3766 admonitis,
2068 3712 2142 3753 ne
2171 3712 2289 3772 qua
2308 3702 2466 3756 esset

253 3801 345 3852 aut
372 3793 605 3854 bellicis
632 3801 735 3856 aut
762 3793 1068 3855 maritimis
1096 3794 1273 3855 rebus
1294 3811 1497 3865 mora3
1539 3791 1642 3853 sed
1670 3790 1746 3853 ad
1776 3798 1985 3851 nutum
2012 3789 2210 3850 omnia
2240 3788 2462 3852 ¹⁷dicto

252 3891 642 3968 explorentur.
726 3892 919 3951 Vento
959 3901 1019 3951 et
1058 3897 1205 3951 aestu
1233 3888 1417 3950 fretus
1455 3888 1687 3959 idoneo,
1719 3885 2017 3949 convulsis
2057 3886 2354 3958 anchoris,
2380 3888 2455 3948 ad

307 4119 362 4166 11
399 4118 563 4182 Lege,
584 4118 994 4170 eman—12
1028 4118 1205 4183 Forte,
1224 4119 1435 4185 sibique,-
1466 4120 1574 4183 vel,
1607 4119 1703 4169 ss’bi
1726 4121 2031 4170 uatem—u
2065 4118 2242 4180 Forte,
2263 4116 2456 4180 nititur,

250 4199 299 4243 ιι
320 4196 689 4248 Rome-14
724 4199 882 4264 Lege,
898 4200 1315 4265 impertiam—16
1350 4202 1509 4267 Lege,
1524 4202 1853 4251 mom—lo
1885 4201 2064 4266 Forte,
2077 4198 2455 4250 vetemur.—

252 4277 307 4324 1⁷
338 4276 514 4342 Forte,
527 4276 658 4327 dicto
676 4276 837 4330 eitius.
