3117 5025
590 377 765 445 1840
1241 391 1302 441 J.
1353 390 1567 439 cans:
1615 389 2153 440 conunernu

591 545 696 605 illo
745 541 1189 604 commendatus
1244 543 1489 603 Caesaris
1546 541 1608 602 in
1656 541 2104 602 familiaritatem
2153 539 2594 623 ³²pervenisset:
2623 541 2803 604 'hunc

590 641 770 721 igitur
790 652 855 701 ut
884 641 1116 720 utrique
1143 660 1345 701 carum
1373 660 1511 700 cum
1555 640 1761 700 litteris
1783 659 1856 700 ac
1886 639 2178 700 mandatis
2208 659 2281 699 eo
2305 640 2539 719 dirigit:
2581 661 2806 702 summa

593 744 852 803 omnium
895 744 1027 803 haec
1049 742 1301 803 ³³erant:
1348 748 1366 775 ⁴
1395 760 1459 801 se
1485 740 1559 800 de
1588 760 1738 819 pace
1766 740 1961 800 omnia
1987 739 2288 818 probasse,
2318 739 2514 818 nilque
2542 740 2620 799 ad
2669 759 2804 801 eum

590 841 747 902 diem
777 840 1130 919 profecisse:
1178 838 1423 900 credere
1448 849 1648 899 autem
1678 859 1763 910 se,
1793 857 1908 897 non
1935 836 2210 916 Pompeji
2243 835 2383 896 vitio
2423 837 2528 918 sed
2575 837 2808 898 nuntio-

592 958 722 1000 rum
752 938 1054 1010 accidisse,
1076 937 1239 1018 quod
1269 937 1362 997 vel
1390 934 1706 996 nescierint
1729 935 1824 994 vel
1849 934 2150 994 timuerint
2175 934 2486 994 commissa
2508 954 2807 1014 peragere,

592 1046 775 1117 atque
802 1037 875 1097 ad
908 1045 1125 1097 tantam
1155 1056 1278 1096 rem
1307 1034 1582 1095 idoneum
1612 1041 1849 1113 tempus
1870 1034 2109 1111 eligere:
2139 1031 2304 1091 illurn
2334 1050 2493 1103 vero,
2523 1041 2585 1091 et
2605 1042 2810 1092 aucto-

593 1134 763 1196 ritate
788 1134 944 1214 apud
976 1153 1273 1213 generum,
1303 1141 1362 1192 et
1388 1130 1650 1211 potentia
1680 1138 1845 1190 tanta
1870 1149 1995 1189 esse
2034 1129 2091 1188 in
2123 1128 2448 1208 republica,
2478 1138 2536 1188 et
2565 1139 2812 1210 propter

595 1232 711 1293 hoc
741 1232 1018 1292 exercitui
1050 1251 1167 1292 non
1198 1230 1427 1308 ³“legati
1455 1229 1558 1290 sed
1587 1228 1904 1308 imperator
1930 1226 2274 1307 praesidens,
2305 1237 2368 1287 ut
2395 1226 2484 1286 his
2512 1224 2720 1299 fretus,
2750 1237 2811 1287 et

597 1329 745 1410 quid
770 1330 907 1390 velit
934 1329 1157 1407 alloqui
1183 1326 1541 1407 Pompejum
1565 1326 1771 1406 possit,
1796 1334 1857 1386 et
1898 1332 2188 1385 errantem
2229 1344 2346 1384 non
2395 1322 2573 1382 modo
2611 1341 2813 1403 repre·

470 1503 477 1508 ¹
592 1425 851 1487 bendere
879 1426 981 1486 sed
1011 1422 1452 1504 quodammodo
1477 1423 1658 1482 etiam
1688 1442 1895 1501 cogere
1922 1422 2082 1482 illum
2113 1422 2320 1501 possit,
2345 1430 2412 1482 ut
2429 1423 2655 1498 ³⁵aeque
2677 1420 2810 1499 paci

596 1522 853 1584 animum
880 1522 1190 1583 adhibeat:
1220 1520 1279 1580 id
1308 1521 1357 1580 si
1386 1520 1597 1582 fecerit
1619 1521 1799 1581 rebus
1823 1540 1961 1581 eum
1990 1519 2177 1592 sessis,
2199 1528 2260 1579 et
2281 1519 2473 1597 majus
2499 1517 2556 1578 in
2587 1519 2810 1579 malum

597 1620 798 1701 pronis
827 1620 1105 1700 quietem,
1135 1628 1196 1679 et
1222 1617 1466 1697 imperio
1494 1627 1554 1678 et
1583 1617 1769 1678 Italiae
1795 1637 2023 1696 pacem,
2050 1625 2111 1677 et
2138 1616 2454 1696 provinciis
2481 1615 2812 1688 allaturum,

600 1737 919 1798 omnesque
936 1717 1094 1776 illam
1124 1713 1314 1775 ³⁶eum
1334 1724 1645 1793 acceptam
1677 1715 2020 1774 habituros.'
2088 1715 2240 1775 Cum
2260 1714 2350 1774 bis
2377 1713 2624 1774 Clodius
2656 1733 2816 1774 man·

602 1815 758 1877 datis
802 1814 879 1875 ad
925 1813 1260 1894 Scipionem
1307 1809 1739 1891 proficiscitur:
1783 1811 1962 1891 [201]
1999 1815 2250 1891 primum
2293 1810 2532 1893 quidem
2586 1811 2812 1872 ³⁷laetus

601 1913 759 1974 visus
785 1913 1158 1993 auditusque,
1178 1909 1558 1990 postmodum
1576 1928 1612 1968 a
1631 1907 1926 1989 colloquio
1943 1910 2229 1982 seclusus,
2259 1907 2520 1968 Favonio
2550 1908 2814 1988 quodam

603 2010 742 2071 mali
770 2010 1003 2071 consilii
1034 2008 1261 2069 fautore
1289 2026 1325 2066 a
1353 2003 1620 2086 pacificis
1649 2005 1990 2085 Scipionem
2011 2015 2070 2066 et
2087 2005 2311 2067 mundo
2328 2006 2570 2067 utilibus
2600 2015 2817 2068 tracta·

602 2108 762 2168 tibus
790 2115 1142 2168 revocante:
1174 2105 1258 2165 sic
1281 2103 1502 2165 infecto
1528 2103 1768 2183 negotio
1797 2104 2044 2166 Clodius
2070 2104 2150 2164 ad
2181 2106 2478 2166 Coesarem
2506 2113 2599 2164 est
2625 2123 2815 2166 rever·

606 2225 729 2267 sus.
774 2203 1060 2276 Quotidie
1081 2201 1308 2262 interim
1326 2221 1671 2281 congressus
1689 2211 1751 2262 et
1775 2201 1995 2281 proelia,
2018 2212 2080 2264 et
2107 2202 2400 2282 utrimque
2426 2201 2620 2262 credes
2639 2212 2820 2281 atque

604 2302 914 2383 insignium
944 2302 1196 2362 virorum
1227 2320 1399 2361 casus
1443 2299 1754 2372 mirabiles,
1776 2300 2057 2379 pacisque
2107 2300 2365 2361 consiliis
2393 2299 2599 2360 ³⁸male
2636 2318 2814 2378 repu-

609 2398 803 2459 diatus
834 2400 1004 2460 locus
1050 2397 1152 2457 irae
1198 2406 1376 2476 atque
1415 2395 1556 2456 odio
1601 2396 1776 2456 datus
1822 2405 1968 2457 erat.
2052 2396 2192 2458 Fuit
2229 2416 2380 2458 unus
2420 2396 2545 2458 dies
2595 2396 2818 2476 Caesari

603 2497 776 2558 nimis
823 2495 1123 2569 adversus,
1147 2515 1268 2576 quo
1308 2494 1538 2575 eruptio
1588 2494 2013 2556 violentissima
2067 2495 2148 2556 ab
2198 2495 2469 2557 hostibus
2505 2493 2666 2556 facta
2705 2504 2815 2568 est,

605 2594 835 2675 fuitque
860 2595 961 2655 illo
1006 2594 1102 2654 die
1139 2594 1291 2653 inter
1315 2593 1429 2654 alia
1458 2592 1752 2671 aquiliferi
1778 2592 1929 2653 illius
1957 2592 2199 2672 insignis
2237 2593 2521 2654 ³9virtutis
2548 2613 2621 2654 ac
2651 2614 2818 2673 spec-

608 2702 732 2753 tata
755 2689 976 2751 ⁴‘'dies:
1022 2689 1123 2770 qui
1164 2710 1301 2751 cum
1338 2690 1540 2750 lethali
1579 2690 1816 2750 vulnere
1843 2689 2158 2752 transfixus
2194 2691 2366 2751 morti
2392 2691 2726 2771 proximum
2757 2710 2817 2752 se

604 2788 862 2863 sentiret,
892 2809 1093 2850 versus
1120 2787 1197 2848 ad
1227 2787 1497 2860 comites,
1544 2787 1963 2868 porrigensque
1991 2790 2242 2867 aquilam
2282 2808 2457 2868 quam
2496 2788 2626 2867 jam
2665 2809 2820 2870 aegre

612 2889 979 2950 sustentabat
1003 2911 1018 2949 ε
1051 2894 1069 2921 ⁴
1086 2888 1303 2959 Hanc,'
1331 2886 1434 2959 ait,
1450 2895 1465 2920 ‘
1488 2906 1525 2945 o
1554 2886 1981 2946 commilitones
1999 2887 2110 2946 mei
2134 2887 2330 2947 vivens
2353 2886 2555 2947 multis
2571 2888 2819 2948 miset

607 2984 799 3046 multa
826 3006 969 3046 cura
997 2985 1245 3058 servavi,
1272 2993 1335 3045 et
1374 3004 1534 3044 nunc
1565 2984 1817 3045 moriens
1843 2984 2084 3044 eandem
2115 2985 2331 3045 Caesari
2363 2984 2492 3063 pari
2514 2982 2628 3044 fide
2651 2985 2818 3046 resti·

611 3092 757 3142 tuo:
798 3103 903 3141 vos
939 3091 1133 3142 autem
1173 3103 1280 3162 per
1318 3082 1649 3143 communis
1686 3083 2051 3163 imperatoris
2091 3102 2347 3143 amorem
2376 3102 2483 3142 oro
2510 3090 2689 3163 atque
2713 3083 2823 3143 ob·

610 3187 819 3249 testor,
846 3189 1048 3239 cavete
1079 3178 1342 3239 dedecus
1363 3181 1650 3241 Caesareis
1684 3182 1885 3243 castris
1908 3181 2232 3254 insolitum,
2262 3200 2333 3241 ne
2378 3179 2533 3241 forte
2561 3181 2816 3242 hostium

610 3275 671 3335 iu
700 3293 905 3335 manus
932 3276 1122 3336 veniat
1151 3276 1298 3337 tanti
1341 3277 1508 3338 ducis
1535 3279 1801 3359 signum;
1849 3279 1953 3340 sed
1991 3278 2134 3339 mihi
2159 3298 2195 3338 a
2222 3280 2452 3339 Coesare
2489 3278 2628 3337 olim
2657 3298 2822 3339 com·

613 3371 784 3433 missa
805 3371 1005 3452 aquila
1023 3393 1177 3433 nunc
1205 3394 1311 3453 per
1337 3394 1545 3435 manus
1574 3386 1793 3437 vestras
1821 3376 1980 3436 salva
2019 3376 2095 3436 ad
2128 3378 2421 3437 Caesarem
2449 3379 2821 3437 revertatur?

612 3469 743 3530 haec
763 3469 966 3531 dicens
996 3472 1236 3545 corruit,
1264 3475 1680 3553 “centumque
1708 3474 1803 3534 alii
1824 3474 2031 3553 primae
2060 3473 2323 3534 cohortis
2353 3494 2474 3534 suae
2501 3494 2638 3535 cum
2665 3474 2819 3553 prin·

612 3569 745 3648 cipe
770 3568 1132 3641 ceciderunt,
1161 3570 1466 3650 multaque
1492 3572 1739 3631 diversis
1769 3573 1937 3633 caede
1974 3572 2035 3631 in
2077 3572 2224 3633 locis
2263 3572 2424 3633 edita
2467 3571 2819 3651 Pompejani

610 3677 963 3746 erumpunt:
1012 3666 1266 3746 vicitque
1305 3668 1629 3747 Pompejus
1677 3669 1773 3729 illa
1819 3669 1965 3740 acie,
2012 3680 2076 3729 et
2116 3667 2442 3748 Imperator
2486 3669 2817 3749 appellatus

613 3774 724 3824 cst.
808 3765 1077 3843 Cumque
1125 3764 1405 3825 cedentes
1453 3787 1573 3826 non
1619 3778 1984 3845 sequeretur,
2014 3765 2251 3846 negavit
2294 3787 2424 3827 eum
2476 3768 2676 3828 Caesar
2718 3778 2820 3828 aut

612 3861 866 3935 vincere,
895 3872 997 3921 aut
1027 3862 1269 3922 victoria
1304 3862 1387 3922 uti
1415 3862 1585 3923 scire.
1667 3864 1960 3925 Labienus
1990 3884 2128 3925 vero
2155 3864 2213 3925 in
2239 3884 2408 3925 suum
2435 3865 2572 3925 olim
2602 3865 2816 3927 ducem

680 4029 745 4077 32
780 4026 955 4090 Forte,
987 4030 1411 4090 pervenerat—38
1445 4027 1609 4091 Lege,
1639 4032 1888 4079 emh—34
1921 4028 2082 4093 Lege,
2107 4028 2434 4090 legatam—85
2469 4028 2628 4093 Lege,
2658 4043 2823 4093 aqu.

616 4111 749 4157 —86
783 4108 961 4170 Forte,
981 4109 1027 4156 ei
1046 4107 1276 4158 uni—87
1310 4108 1448 4158 Loele
1470 4109 1552 4157 vel
1575 4109 1794 4173 libenter,
1817 4116 1878 4158 ut
1911 4110 1989 4158 ait
2027 4108 2356 4158 (ἰαθῇ-38
2389 4109 2567 4171 Forte,
2585 4110 2710 4159 :nale
2749 4124 2822 4159 re·

610 4188 826 4251 pudioris
844 4189 1120 4240 locu—39
1153 4190 1314 4254 Lege,
1333 4189 1636 4240 virtu—4⁰
1660 4189 2113 4256 Forte,fides.-41
2140 4188 2535 4257 Cedet-ioum
2547 4189 2824 4256 aliisue-ur

619 4267 831 4318 cohortis
842 4273 1023 4334 preter
1036 4269 1318 4337 principem,
1339 4270 1417 4322 sic
1442 4270 1635 4324 Caesar.
