3117 5025
603 435 774 502 1818
1245 449 1305 498 J.
1355 446 1566 496 censi
1615 442 2196 495 conunnrsnn·

599 605 854 685 plurium
881 603 1103 663 dierum
1131 601 1605 682 supplicationes,
1637 617 1811 678 quam
1844 596 1945 657 ulli
1981 612 2242 674 unquam
2285 589 2720 660 decrevere,'ut
2743 596 2800 645 et

601 702 910 763 historicus
952 700 1106 760 idem
1155 700 1256 770 ait,
1299 708 1361 758 et
1402 717 1472 757 ex
1522 696 1833 776 praemissis
1880 693 2185 772 ”aperuih
2271 689 2566 768 Deinceps
2595 686 2795 746 eadem

598 817 758 859 arma
787 798 967 878 impia
1014 808 1074 857 et
1122 796 1337 874 injusta
1376 805 1436 856 et
1482 796 1541 854 in
1570 794 1792 853 viscera
1832 791 2039 871 patria:
2075 787 2394 850 miserabili
2419 784 2802 846 alternatione

600 914 903 956 conversa:
951 894 1235 965 Quamvis
1279 893 1435 954 enim
1484 903 1543 952 et
1592 890 1681 951 his
1726 908 1934 967 magna
1979 906 2093 947 non
2139 885 2292 945 desit
2317 881 2643 952 excusatio,
2672 900 2802 939 vere

598 1004 794 1054 tamen
826 993 981 1053 nulla
1010 991 1296 1053 sufficiens
1325 1009 1506 1052 causa
1548 999 1642 1048 est
1688 997 1892 1047 contra
1935 983 2184 1065 patriam
2211 1001 2368 1042 arma
2400 978 2800 1039 moventibus:

596 1089 673 1151 dc
699 1089 1111 1171 ⁹⁵quibusdam
1146 1089 1273 1167 jam
1321 1087 1459 1147 hinc
1506 1105 1680 1163 agere
1707 1082 2033 1163 aggrediar.
2119 1080 2358 1140 Dictum
2388 1088 2474 1137 est
2502 1075 2702 1137 multis
2745 1076 2798 1134 in

595 1186 740 1248 locis
787 1198 848 1248 et
894 1187 1208 1247 (licendum
1263 1185 1561 1264 pluribus:
1607 1181 1823 1242 ‘Nulla
1873 1188 2128 1257 unquam
2179 1195 2391 1254 magna
2445 1174 2632 1254 gloria
2677 1174 2799 1234 sine

590 1304 805 1365 magna
832 1283 944 1345 suit
974 1283 1190 1344 invidia
1203 1284 1240 1343 :⁹
1281 1292 1345 1344 ut
1371 1279 1744 1342 memorabile
1787 1279 1864 1339 sit
1909 1276 2096 1356 quod·
2122 1276 2305 1336 fertur
2330 1274 2593 1334 Socratis
2620 1271 2805 1333 consi·

594 1381 760 1454 lium,
792 1382 895 1461 qui
925 1381 1212 1460 quaerenti
1244 1379 1533 1442 Alcibiadi
1561 1378 1809 1456 qualiter
1837 1373 2106 1450 invidiam
2138 1372 2367 1433 vitaret:
2402 1378 2421 1405 ‘
2441 1372 2589 1431 vive'
2613 1369 2806 1448 inquit

595 1487 700 1539 ‘ut
723 1478 1033 1540 Tersitesz'
1085 1479 1170 1537 sic
1224 1489 1319 1537 est
1373 1476 1624 1537 liercle.'
1675 1476 1740 1535 Si
1791 1472 2034 1533 vixisset
2086 1469 2245 1531 domi
2300 1471 2502 1530 Caesar
2554 1468 2806 1535 otiosus,—

595 1575 885 1655 voluptati
926 1585 986 1635 et
1033 1595 1241 1634 somno
1288 1574 1671 1645 incubuisset,
1721 1571 1877 1631 haud
1935 1570 2112 1632 dubie
2169 1567 2433 1629 hostibus
2480 1576 2538 1626 et
2586 1563 2801 1625 invidia

593 1674 898 1733 caruisset:
944 1672 1049 1733 sed
1095 1685 1228 1731 'cum
1274 1670 1527 1734 Galliam
1560 1670 1899 1739 domuisset,
1930 1670 2383 1744 Romanumque
2410 1663 2562 1724 illam
2584 1663 2802 1740 jugum

592 1769 743 1830 ferre
772 1770 1080 1850 coegisset,
1098 1769 1417 1848 'vectigalia
1449 1768 1653 1848 populi
1682 1766 1934 1828 Romani
1978 1765 2322 1826 immensum
2349 1762 2620 1831 auxisset,
2648 1762 2800 1821 Ger·

593 1887 796 1927 manos
855 1877 921 1927 ut
974 1878 1061 1927 est
1117 1867 1336 1927 dictum
1393 1866 1661 1925 cladibus
1712 1863 2002 1924 affecisset
2057 1862 2340 1932 maximis,
2398 1878 2548 1939 quos
2604 1868 2798 1919 tamen

590 1963 877 2024 vincendo
903 1982 976 2024 ac
1000 1963 1303 2032 vastando,
1341 1962 1515 2042 [172]
1543 1962 1626 2022 ita
1655 1960 1764 2021 sibi
1795 1960 2022 2040 virtutis
2048 1958 2430 2020 admiratione
2454 1955 2794 2027 devinxerit,

595 2073 661 2122 ut
704 2082 889 2142 usque
936 2062 994 2122 in
1045 2074 1388 2140 praesentem
1434 2061 1590 2122 diem
1641 2061 2062 2139 gubernatores
2101 2059 2329 2138 imperii
2372 2057 2559 2136 (quod
2589 2056 2668 2117 ad
2695 2076 2796 2118 eos

592 2159 725 2221 ideo
753 2179 955 2220 vereor
994 2159 1315 2229 descendit,
1365 2170 1429 2218 ut
1478 2161 1695 2233 rueret)
1731 2178 1845 2217 non
1893 2155 2010 2217 alio
2058 2176 2234 2235 quam
2277 2154 2520 2215 Caesaris
2567 2155 2796 2213 nomine

594 2257 848 2317 vocitent
871 2256 1092 2337 vulgari
1122 2256 1179 2336 in
1208 2275 1497 2316 sermone:
1527 2275 1666 2316 cum
1692 2265 1754 2316 et
1778 2255 2111 2314 Brittannos
2137 2252 2394 2313 similiter
2421 2251 2799 2330 subjngasset

591 2355 1002 2434 Rhenumque,
1034 2374 1105 2413 ne
1132 2354 1380 2432 amplius
1410 2354 1575 2413 limes
1603 2363 1781 2423 esset,
1810 2363 1990 2431 atque
2019 2352 2210 2430 ipsum
2237 2350 2414 2408 etiam
2441 2346 2800 2410 ⁹6docuisset

591 2453 924 2523 Oceanum
971 2452 1154 2511 multa
1200 2460 1263 2511 et
1309 2469 1517 2531 magna
1565 2451 1792 2530 agendo
1839 2446 2364 2530 atquejaudendo,
2393 2445 2707 2507 multorum
2738 2460 2800 2507 et

590 2569 931 2630 magnorum
989 2550 1045 2608 iu
1105 2547 1383 2609 invidiam
1434 2537 1659 2607 incidit.
1739 2548 1796 2608 Ο
1843 2547 2174 2607 mortalium
2224 2566 2457 2625 semper
2483 2545 2798 2607 laboriosa

590 2648 872 2718 conditio,
902 2667 1135 2726 semper
1162 2646 1446 2726 disposita
1489 2646 1577 2705 vel
1618 2644 2001 2724 contemptui,
2046 2645 2139 2706 vel
2188 2644 2424 2705 invidiae
2462 2644 2797 2722 subjacere.

588 2748 770 2807 Erant
800 2747 1004 2807 Romae
1034 2745 1198 2805 multi
1233 2744 1335 2804 viri
1366 2745 1645 2822 ingentes,
1687 2764 1937 2824 qnorum
1968 2743 2221 2823 quisque
2248 2743 2362 2803 sibi
2407 2744 2660 2822 primum
2707 2744 2802 2803 lo·

588 2865 725 2905 cum
754 2843 954 2923 gloriae
983 2842 1318 2902 vindicaret.
1402 2840 1561 2902 Inter
1609 2842 1726 2900 imo
1770 2850 1905 2901 aute
1947 2841 2092 2900 alios
2140 2859 2386 2919 magnus
2431 2841 2692 2911 nomine,
2737 2862 2798 2901 re

586 2951 781 3001 autem
811 2941 1096 3001 maximus
1128 2940 1477 3019 pompejus:
1510 2939 1609 3000 cui
1631 2941 1834 3000 Caesar
1859 2948 1925 2999 ut
1944 2940 2200 2999 amicum
2222 2939 2386 2999 illum
2415 2938 2526 2997 sibi
2559 2940 2795 3013 faceret,

588 3038 766 3099 tiliam
794 3038 827 3097 J
836 3037 1007 3097 uliam
1038 3037 1315 3114 optimam
1339 3048 1399 3095 et
1427 3034 1537 3096 viri
1559 3037 2015 3097 amantissimam
2045 3036 2385 3096 collocavit:
2419 3036 2535 3096 sed
2559 3036 2634 3097 ad
2665 3037 2799 3097 odi·

590 3154 687 3195 um
718 3152 936 3213 pronas
964 3144 1186 3193 mentes
1212 3134 1285 3192 ad
1318 3132 1637 3193 amicitiam
1665 3132 2020 3213 detorquere
2046 3132 2310 3194 difficile:
2362 3133 2553 3194 valere
2601 3143 2796 3196 tamen

588 3240 821 3310 poterat
845 3231 919 3291 ad
951 3230 1249 3310 publicam
1278 3248 1509 3307 pacem,
1553 3231 1602 3290 si
1646 3240 1751 3290 aut
1798 3230 1929 3309 ipsa
1977 3229 2235 3299 vixisset,
2281 3238 2385 3291 aut
2432 3242 2795 3309 conceptum

586 3328 779 3389 subita
809 3327 1279 3389 consternatione
1309 3348 1424 3386 non
1452 3328 1756 3389 effudisset
1784 3328 2079 3388 abortum.
2164 3330 2197 3390 J
2206 3330 2370 3390 unxit
2406 3340 2467 3389 et
2492 3329 2612 3388 alio
2639 3349 2798 3390 nexu

587 3426 698 3487 sibi
743 3423 1094 3504 Pompejum
1146 3425 1365 3495 Caesar,
1418 3426 1759 3505 priusquam
1807 3426 1916 3486 iret
1963 3427 2020 3485 in
2052 3426 2305 3488 Gallias:
2351 3437 2411 3487 et
2455 3437 2518 3486 ut
2563 3429 2796 3503 glutino

568 3523 884 3595 ‚stabiliore
910 3523 1309 3593 consisterent,
1341 3524 1613 3585 Marcum
1642 3525 1917 3583 Crassum
1947 3525 2060 3604 ipsi
2087 3525 2374 3603 Pompejo
2401 3544 2434 3583 a
2465 3544 2587 3603 quo
2616 3524 2797 3585 veteri

584 3621 725 3685 odio
751 3621 1096 3689 dissidebat,
1119 3621 1546 3680 reconciliavit:
1595 3630 1659 3680 nt
1688 3621 1874 3679 tribus
1903 3622 2339 3701 potentissimis,
2372 3622 2534 3681 nullo
2561 3633 2798 3680 contra-

584 3721 672 3781 rio
697 3739 842 3780 auso
873 3720 1141 3779 Romana
1171 3717 1555 3797 Respublica,
1588 3729 1649 3779 et
1688 3737 1794 3797 per
1840 3739 2207 3797 consequens
2251 3731 2409 3780 totus
2438 3719 2596 3778 orbis
2623 3720 2795 3779 obse-

583 3826 886 3897 queretur:
933 3820 1091 3876 ⁹⁷aut
1145 3834 1282 3875 sane
1326 3824 1725 3876 commentum
1770 3815 1919 3875 rude
1976 3817 2067 3876 vel
2112 3816 2643 3876 ”insulsissimnmt
2687 3818 2791 3876 scd

584 3914 821 3987 fortuna
848 3933 1006 3973 more
1033 3932 1144 3972 suo
1173 3921 1371 3972 rotans
1399 3930 1489 3970 res
1533 3910 1839 3982 humanas,
1870 3913 2065 3972 omnia
2092 3913 2167 3972 ad
2200 3933 2378 3972 unum
2409 3914 2792 3974 devolvebat:

582 4022 642 4072 et
670 4012 937 4089 Pompeji
969 4009 1210 4089 quidem
1258 4008 1475 4069 auxilio
1502 4007 1761 4087 primum
1807 4010 2062 4069 Galliam
2110 4022 2289 4090 atque
2332 4009 2611 4070 Illiricum
2659 4030 2795 4089 pro-

643 4245 709 4291 9-1
742 4240 902 4305 Lege,
921 4220 1285 4305 apparata—os
1322 4242 1495 4307 Forte,
1510 4242 1829 4307 quibu—⁹6
1862 4244 2027 4309 Lege,
2046 4245 2446 4295 dominatuum
2468 4244 2629 4309 Lege,
2647 4244 2790 4294 haud.

578 4327 712 4373 -98
742 4322 921 4386 Forte,
936 4320 1295 4383 immulsit.
