3117 5025
992 438 1091 487 nn
1137 439 1321 490 vrrs
1363 439 1569 490 sumt
1617 440 1975 495 cassnrs.
2410 427 2586 496 1847

369 597 463 658 nis
489 595 750 678 ”sugam
774 618 883 678 per
909 609 1139 659 noctem
1168 600 1319 659 clam
1348 599 1621 679 delapsis.
1664 599 1838 678 [210]
1868 599 2146 660 Diluculo
2174 597 2352 677 igitur
2381 601 2588 666 Caesar

370 697 569 758 hostes
596 720 629 756 e
658 708 857 758 monte
887 698 1264 771 descendere,
1290 709 1472 777 atque
1521 698 1597 758 ad
1643 706 1852 757 terram
1881 717 2082 758 omnes
2107 717 2270 757 arma
2296 698 2582 777 projicere

371 812 508 853 cum
529 794 824 872 jussisset,
867 794 1080 874 cupide
1107 795 1576 875 obtemperatum
1606 804 1722 866 est:
1767 795 2063 872 tensisque
2102 794 2176 855 ad
2206 814 2340 854 eum
2369 795 2579 873 palmis

367 892 542 951 affusi
565 903 623 951 et
643 903 940 970 gementes
965 894 1186 952 veniam
1210 894 1460 973 petiere:
1482 893 1686 968 jussos
1709 911 2006 970 assurgere
2025 875 2283 970 nihilque
2304 903 2577 963 metuere,

366 986 592 1064 ”jussit
620 991 964 1062 incolumes,
995 999 1057 1050 ut
1087 1009 1202 1048 non
1230 989 1412 1049 modo
1442 990 1499 1048 in
1529 1008 1782 1067 corpore
1808 988 1910 1048 sed
1939 1008 2128 1067 neque
2157 989 2274 1049 ulla
2303 989 2362 1050 in
2389 1010 2452 1051 re
2480 991 2589 1054 de·

366 1084 622 1143 trime-nti
650 1084 871 1165 aliquid
902 1094 1262 1165 paterentur:
1309 1085 1502 1147 vetitis
1529 1085 1804 1145 militibus
1833 1094 1934 1145 aut
1962 1105 2322 1164 quemquam
2369 1086 2578 1148 loedere

366 1191 473 1241 aut
501 1181 729 1241 illorum
760 1183 1082 1261 quidquam
1109 1184 1347 1243 omnino
1373 1182 1828 1261 concupiscere:
1870 1183 2141 1261 profecto
2168 1182 2389 1262 aliquid
2427 1184 2581 1246 inter

366 1277 552 1349 hunc,
582 1280 1059 1360 transfugamque
1078 1280 1218 1356 ejus
1260 1281 1605 1350 Labienum,
1644 1280 1996 1350 interfuisse,
2041 1278 2269 1341 ⁹⁶l'acile
2297 1301 2369 1341 ac
2398 1301 2577 1360 prop·

364 1384 525 1434 terea
554 1376 829 1437 discretio
855 1388 964 1437 est.
1032 1379 1232 1437 Caesar
1261 1377 1589 1437 lassitudini
1618 1376 1870 1437 militum
1900 1398 2258 1458 compassus,
2292 1398 2412 1439 suae
2441 1398 2578 1439 vero

365 1473 666 1553 negligens
696 1476 925 1554 quietis,
958 1476 1208 1554 legiones
1231 1495 1366 1554 quae
1397 1494 1598 1534 secum
1638 1473 1886 1546 fueraut,
1915 1474 1988 1534 ad
2021 1488 2212 1535 eastra
2240 1481 2375 1554 quae
2403 1476 2576 1536 ⁹⁷virn

362 1588 642 1648 passuum
686 1592 721 1631 a
764 1583 928 1650 tergo
955 1575 1221 1644 aberant,
1244 1571 1434 1632 redire
1465 1572 1752 1652 prae‘cipit,
1785 1581 1848 1631 ut
1878 1573 2216 1654 quiescant:
2259 1573 2414 1633 ⁹''eos
2457 1592 2573 1632 non

365 1685 501 1746 quae
529 1669 586 1727 in
616 1671 819 1730 castris
848 1681 1237 1731 remanserant
1265 1671 1339 1730 ad
1373 1691 1434 1730 se
1463 1671 1657 1730 venire
1685 1671 1950 1749 imperat,
1991 1681 2052 1729 ut
2097 1671 2395 1734 laborent:
2438 1690 2572 1731 cum

363 1764 582 1843 quibus
607 1766 815 1826 eodem
848 1768 974 1845 ipso
1004 1768 1100 1829 die
1130 1771 1413 1829 Larissam
1444 1768 1728 1848 pervenit,
1769 1787 1888 1845 qua
1919 1767 2047 1846 jam
2079 1767 2397 1846 Pompejus
2427 1766 2578 1847 fugi·

361 1862 525 1922 eudo
552 1865 880 1925 transierat:
927 1867 1030 1926 ubi
1072 1867 1325 1927 reditum
1369 1878 1458 1926 est
1505 1866 1564 1924 in
1608 1875 1823 1937 eastra,
1852 1864 2009 1926 faeta
2037 1884 2323 1926 eaesorum
2353 1865 2574 1924 ratione

360 1958 785 2037 deprehensum
815 1972 902 2021 est
932 1963 1007 2022 de
1036 1963 1359 2042 legionibus
1388 1973 1569 2042 atque
1616 1963 1882 2042 equitatu
1930 1962 2202 2040 Pompeji
2250 1978 2366 2022 xv.
2415 1962 2575 2021 milia

359 2056 677 2118 cecidisse:
722 2077 855 2119 nam
901 2071 1267 2134 externarum
1317 2061 1582 2139 gentium
1627 2070 1688 2121 et
1731 2060 2100 2133 auxiliorum,
2148 2079 2282 2139 quae
2322 2059 2397 2120 de
2445 2070 2573 2120 toto

360 2153 605 2216 Oriente
634 2167 1048 2230 convenerant,
1077 2159 1516 2219 innumerabilis
1547 2170 1768 2238 strages
1796 2158 1927 2229 fuit,
1953 2157 2055 2236 qui
2077 2157 2206 2236 vagi
2235 2166 2295 2218 et
2324 2157 2571 2217 inermes

310 2267 323 2278 ·
357 2251 533 2312 9”fnit
560 2253 721 2314 nullo
749 2255 970 2328 ordine,
1000 2256 1075 2316 ad
1110 2257 1530 2317 ¹⁰0societatem
1562 2255 1914 2315 caedentium
1945 2263 2085 2315 suut
2110 2253 2405 2333 oppressi:
2451 2274 2571 2333 quo

354 2348 453 2409 die
475 2352 839 2432 prospiciens
868 2356 1068 2413 Caesar
1093 2353 1453 2414 adversarios
1481 2371 1670 2411 coesos
1698 2363 1878 2430 atque
1905 2350 2158 2411 obtritos
2201 2351 2426 2430 campis
2455 2343 2570 2410 hoe

354 2447 699 2509 adverbium
751 2450 996 2511 traditur
1024 2452 1267 2514 dixisse:
1314 2460 1331 2487 ‘
1359 2452 1505 2511 Haec
1552 2449 1899 2510 voluerunt:
1944 2449 2123 2508 tantis
2169 2449 2343 2508 rebus
2389 2449 2569 2528 gestis

357 2546 552 2626 Gajus
580 2550 781 2609 Caesar
808 2550 1234 2610 condemnatus
1264 2568 1466 2621 essem,
1499 2547 1610 2608 nisi
1655 2548 1734 2607 ab
1779 2547 2041 2607 exercitu
2087 2545 2365 2605 auxilium
2395 2545 2572 2624 petis-

353 2647 517 2709 sem!
598 2648 815 2707 Eorum
856 2668 995 2707 vero
1046 2648 1148 2728 qui
1196 2646 1492 2707 deditione
1537 2646 1595 2706 in
1624 2653 1969 2725 potestatem
2011 2644 2237 2704 'Caesar
2266 2653 2566 2716 venerunt,

350 2761 597 2803 numero
626 2760 874 2806 xxun.
898 2761 977 2805 Μ.
1007 2753 1067 2803 et
1092 2765 1165 2804 eo
1191 2743 1440 2822 amplius
1472 2741 1652 2803 fuisse
1674 2751 2048 2820 compertum
2075 2749 2191 2799 est:
2221 2750 2397 2819 capta
2416 2759 2569 2819 quo-

353 2862 471 2921 que
528 2842 694 2921 signa
741 2841 1012 2902 militaria
1061 2857 1318 2901 chxx.
1366 2850 1426 2900 et
1472 2842 1702 2900 ²LV111.
1745 2839 1990 2917 aquilas:
2036 2838 2184 2897 inter
2224 2856 2407 2898 caesos
2451 2838 2568 2900 fuit

352 2940 681 3009 Crastinus,
730 2948 798 2999 ut
840 2939 1069 2999 dictum
1114 2949 1223 3011 est,
1259 2937 1663 2997 ardentissime
1690 2936 1999 3008 dimicans,
2044 2955 2220 3014 quem
2251 2936 2452 2994 Caesar
2491 2954 2565 2995 eo

346 3036 570 3117 proelio,
604 3037 747 3096 mira
789 3036 1001 3097 virtute
1042 3057 1163 3097 rem
1212 3036 1476 3116 gessisse,
1506 3044 1570 3095 et
1615 3034 1689 3095 de
1738 3055 1800 3094 se
1846 3033 2070 3113 optime
2106 3033 2373 3095 meritum
2419 3051 2568 3112 prae·

347 3135 594 3196 dicavit.
637 3135 810 3216 [211]
853 3139 1054 3215 Atque
1098 3136 1177 3195 ita
1225 3143 1295 3195 ut
1333 3134 1686 3214 praedixerat
1724 3132 1818 3193 vel
1869 3142 2105 3191 mortuo
2156 3130 2370 3209 gratias
2424 3130 2564 3210 egit.

349 3235 530 3296 Periit
558 3243 620 3295 et
648 3234 943 3294 Domitius
984 3234 1054 3306 is,
1081 3233 1182 3313 qui
1210 3232 1287 3293 ad
1317 3230 1664 3293 'Confiuum
1695 3240 1905 3309 captus
1934 3229 2127 3289 suerat
2153 3248 2225 3288 ae
2251 3214 2561 3289 dimissus:

344 3332 422 3394 de
453 3340 625 3413 parte
654 3333 901 3393 Caesaris
943 3333 1171 3392 nonnisi
1213 3331 1450 3391 ducenti
1502 3329 1714 3389 milites
1757 3336 1894 3388 sunt
1931 3326 2155 3397 amissi:
2201 3327 2563 3386 centuriones

345 3430 581 3511 triginta
609 3428 714 3489 viri
741 3428 1131 3490 excellentes:
1180 3429 1383 3488 mirum
1427 3425 1594 3485 dictu
1641 3423 1921 3485 Romanis
1968 3423 2045 3483 ab
2096 3432 2343 3501 utraque
2388 3432 2561 3502 parte

344 3528 748 3608 pugnantibus
775 3547 908 3587 eam
934 3526 1118 3587 fuisse
1145 3523 1326 3591 caedis
1357 3522 1774 3603 imparitatem:
1815 3520 1916 3581 sed
1946 3520 2299 3599 Pompejum
2331 3538 2438 3580 sua
2464 3518 2561 3579 illa

333 3624 460 3702 jam
493 3632 664 3683 vetus
702 3623 937 3683 fortuna
970 3623 1303 3703 reliquerat.
1389 3622 1525 3683 Hoc
1568 3622 1705 3680 loco
1750 3639 1867 3679 non
1897 3618 2128 3678 videtur
2154 3615 2560 3695 praetereunda

346 3722 575 3783 silentio
619 3721 1023 3783 laudatissima
1070 3720 1166 3780 illa
1209 3718 1454 3780 Caesaris
1482 3718 1684 3793 virtus,
1712 3714 2020 3788 modestia,
2049 3714 2223 3791 cujus
2249 3722 2304 3772 et
2334 3711 2559 3775 Plinius

344 3819 673 3891 Secundus,
715 3830 776 3880 et
824 3817 1384 3896 Seneca,·multique
1432 3817 1530 3876 alii
1580 3815 1930 3876 meminere:
1978 3830 2186 3890 nempe
2229 3830 2366 3870 cum
2407 3810 2561 3873 inter

343 3915 454 3976 alia
480 3916 541 3977 in
570 3916 846 3995 Pompeji
874 3917 1078 3977 eastris
1106 3915 1320 3976 serinia
1355 3914 1665 3977 invenisset
1690 3911 2061 3991 epistolarum
2088 3909 2166 3969 ad
2208 3909 2555 3988 Pompejum

405 4083 471 4128 94
498 4077 944 4143 Iege,fuge.—96
970 4078 1146 4142 Forte,
1165 4076 1497 4129 dimisit—96
1521 4075 1693 4127 Credo
1716 4073 1948 4133 alludere
1971 4073 2037 4124 ad
2058 4072 2297 4138 captivos
2319 4087 2352 4122 a
2371 4072 2556 4124 Labie-

341 4168 407 4208 no
427 4166 666 4209 necatos:
690 4159 784 4211 sed
799 4158 1045 4209 videntur
1059 4166 1333 4224 corrupta:
1358 4157 1513 4220 sorte,
1523 4156 1694 4219 facilis
1708 4159 2103 4222 propteroa—9⁷
2127 4156 2285 4220 Lege,
2302 4168 2380 4205 vr.
2400 4155 2552 4204 milia.

346 4240 470 4288 -ω
491 4240 652 4304 Lege,
664 4254 745 4289 eas
758 4254 883 4303 aem,
896 4242 1149 4303 qiua-99
1168 4239 1349 4302 Forte,
1359 4237 1782 4301 fugeram—1⁰0
1801 4239 1959 4304 Lege,
1973 4235 2351 4288 satietatem—1
2374 4237 2552 4301 Forte,

349 4320 666 4373 cesare—2
701 4321 860 4387 Iaege,
882 4326 1103 4373 vnn—⁸
1137 4321 1297 4387 Lege,
1323 4320 1605 4389 Corfinium.
