3117 5025
960 453 1051 506 nr.
1088 453 1279 507 'vim
1328 447 1532 508 mnu
1582 427 2550 507 cAEsAR1b.l'³71“'?

331 616 651 685 antequam
666 609 918 686 tempus
942 597 1221 704 exigeret,
1264 609 1319 668 in
1350 608 1592 669 hiberna
1640 607 1921 686 perduxit
1943 605 2281 679 exercitum,
2326 606 2548 688 quibus·

332 697 661 766 Labieu'uin
694 704 1027 784 praeticiens
1058 708 1186 786 ipse
1213 706 1602 768 ”interiorem
1635 705 1887 765 Galliam
1917 704 2270 785 properavit.

1096 1299 1589 1387 LIBER
1668 1309 1782 1383 ΙΙ.

333 1521 599 1585 Cassam
633 1493 977 1604 Cisalpina
962 1546 1021 1586 in
1050 1527 1247 1588 Gallia
1277 1512 1605 1589 demoranti
1634 1535 1695 1587 et
1723 1526 1897 1590 famae
1928 1525 2172 1587 vocibus
2202 1534 2261 1586 et
2300 1526 2546 1590 Labieni

333 1617 537 1679 litteris
566 1622 893 1695 nuntiatur,
924 1622 1131 1704 Belgas
1159 1644 1307 1703 quos
1353 1601 1664 1686 Gallorum
1713 1623 2045 1706 praecipuos
2088 1643 2214 1684 esse
2260 1634 2546 1686 monstra·

335 1716 519 1776 vimus
548 1720 895 1798 conjurasse
923 1741 1126 1782 omnes
1162 1721 1439 1782 adversus
1483 1723 1773 1802 populum
1805 1724 2190 1795 Romanum?
2220 1734 2282 1785 et
2315 1722 2549 1803 jureju-

329 1814 535 1886 rando,
581 1814 949 1877 ⁴'obeidibua
990 1819 1417 1898 conjuratione
1440 1819 1690 1880 firmata.
1771 1820 1880 1879 Rei
1905 1818 2099 1897 hujus
2135 1840 2375 1888 causam
2417 1838 2548 1881 esse

331 1911 759 1990 multiplicem3
795 1934 967 1975 unam
997 1915 1161 1994 quod
1191 1916 1485 1987 timerent,
1513 1936 1586 1976 ne
1616 1893 1770 1976 statu
1800 1914 2118 1994 superioris
2145 1916 2359 1978 Galliae
2385 1935 2552 1976 com·

334 2009 564 2085 posito;
610 2008 686 2069 ad
725 2031 825 2071 eos
871 2032 944 2072 ex
988 2011 1264 2073 ordine⁴
1265 2013 1666 2085 ²venirentur;
1714 2012 1977 2085 alteram,
2009 2012 2172 2091 quod
2200 2012 2275 2073 ad
2307 1989 2547 2085 bellum,

334 2103 646 2165 Gallorum
680 2107 1032 2187 reliquorum
1066 2110 1325 2172 consiliis
1354 2120 1736 2190 urgerentur.
1789 2109 2007 2189 quibus
2035 2109 2279 2190 urgendi
2308 2129 2548 2189 quoque

336 2220 532 2262 causae
559 2203 720 2264 erant
751 2189 975 2279 va'riae3
1021 2208 1398 2288 quibusdam,
1443 2217 1509 2268 ut
1537 2204 1839 2269 nidificare
1870 2201 2202 2270 Germa'nos
2242 2207 2302 2266 in
2340 2205 2550 2268 Galliis

336 2316 487 2378 aegre
516 2301 815 2375 tulerant3
862 2303 949 2363 sic
979 2303 1198 2365 ibidem
1228 2306 1526 2365 Romanos
1571 2304 1877 2365 hibernare
1916 2312 1978 2363 et
2018 2311 2335 2383 perpetuas
2380 2302 2549 2366 sedes

331 2397 564 2478 eligere,
594 2400 791 2461 animo
819 2401 961 2462 nihil
991 2404 1250 2484 aequiore
1277 2403 1602 2465 ferentibus
1625 2422 1642 2463 z
1663 2402 1814 2466 ,aliis
1844 2420 2025 2462 causa
2061 2409 2188 2462 erat
2229 2400 2353 2460 sola
2389 2399 2548 2464 vani·

333 2503 417 2555 tas
442 2506 502 2557 et
532 2498 843 2559 stultorum
872 2500 1077 2562 animis
1119 2501 1517 2563 novandarum
1558 2522 1751 2564 rerum
1796 2520 2028 2581 semper
2068 2498 2268 2561 innata
2311 2495 2548 2577 cupidi<

330 2603 437 2653 tas.
524 2595 704 2655 Erant
739 2596 953 2676 quibus
982 2597 1218 2659 abunde
1245 2619 1386 2679 opes
1430 2598 1737 2659 affluerent
1762 2597 1836 2657 ad
1889 2595 2316 2657 conducendos
2357 2595 2545 2657 homi-

330 2710 474 2761 nes;
526 2699 590 2750 et
616 2691 729 2752 liae
758 2694 851 2753 via
880 2693 940 2753 in
978 2696 1213 2776 populis
1252 2697 1787 2775 praeemineutiamz
1835 2704 1897 2755 et
1925 2695 2090 2774 quasi
2129 2692 2400 2773 quaedam
2430 2690 2546 2751 sibi

330 2806 510 2867 regna
556 2788 899 2864 conflarent,
936 2793 1099 2871 quod
1146 2795 1425 2855 Romanis
1471 2793 1911 2874 imperantibus,
1958 2790 2320 2871 aequatisque
2364 2788 2546 2849 rebus

329 2884 628 2957 omnibus,
677 2906 760 2958 se,
805 2896 873 2947 ut
916 2889 1072 2950 soliti
1114 2900 1295 2963 erant,
1345 2891 1539 2952 facere
1585 2910 1763 2970 posse
1803 2886 2182 2948 ⁴³differrent.
2264 2886 2415 2944 Sane
2452 2884 2546 2945 his

327 2981 665 3042 rumoribus
695 2985 896 3045 Caesar
921 2998 1134 3059 motus,
1182 2985 1332 3048 duas
1360 3008 1518 3049 nunc
1547 2987 1724 3049 etiam
1737 2985 2004 3065 ¹legiones
2042 2982 2311 3044 citeriore
2337 2980 2550 3042 scribit

328 3076 387 3137 in
418 3078 638 3152 Gallia,
674 3101 892 3162 easque
934 3102 1043 3162 per
1070 3085 1361 3155 Quintum
1390 3084 1639 3145 Pedium
1678 3085 1932 3164 legatum
1970 3101 2163 3153 suum,
2208 3079 2552 3157 ulteriorem

326 3175 387 3235 in
430 3176 692 3237 Galliam
738 3180 1103 3252 transmittit,
1149 3180 1275 3261 ipse
1320 3200 1458 3241 mox
1504 3180 1808 3261 sequiturz
1852 3188 1914 3239 et
1956 3176 2302 3249 Senonibus»,
2349 3176 2546 3255 proxi-

328 3274 565 3353 misque
615 3274 942 3354 Belgarum,
991 3276 1122 3356 [43]
1172 3297 1372 3338 curam
1422 3274 1755 3359 inquirendi
1798 3284 2014 3336 statum
2065 3271 2549 3352 propositumque

326 3369 589 3431 hostium
620 3372 906 3453 imponit,
890 3397 904 3410 ·
955 3376 1165 3455 quibus
1197 3375 1341 3437 liaut
1376 3374 1560 3437 dubie
1601 3373 1857 3437 unanimi
1900 3371 2213 3433 assertione
2247 3368 2545 3429 referenti-

327 3467 463 3540 bus,
501 3470 730 3531 bellum
771 3491 945 3551 grave
974 3481 1179 3534 contra
1208 3473 1500 3533 Caesarem
1530 3471 1749 3553 parari,
1792 3471 1872 3530 ire
1900 3468 1976 3529 ad
2005 3488 2130 3538 eos,
2169 3475 2230 3526 et
2272 3464 2548 3545 periculis

330 3584 456 3626 sese
486 3567 730 3628 obvium
759 3569 907 3630 serre
937 3568 1251 3649 disposuit.
1336 3568 1672 3631 Confestim
1721 3587 1861 3647 ergo
1900 3566 2076 3626 motis
2122 3563 2328 3624 castris
2372 3562 2544 3642 quin-

325 3662 634 3747 todecimo
660 3664 758 3725 die
786 3666 1095 3778 Belgarum
1126 3667 1272 3728 fines
1300 3667 1532 3747 attigit:
1564 3668 1856 3746 insperato
1885 3663 2142 3724 adventu
2169 3660 2312 3720 moti
2332 3659 2547 3721 Rhemi

327 3740 552 3840 legatos
589 3762 667 3821 ad
711 3783 846 3822 ειιιιι
891 3756 1192 3843 principes
1210 3758 1480 3827 civitatis
1520 3765 1674 3826 duos
1710 3764 1951 3824 mittunt
1990 3765 2338 3821 excusantes
2376 3756 2544 3816 inno-

326 3858 619 3919 centiam.
670 3878 788 3920 ιιοιι
816 3881 877 3922 se
904 3880 1044 3923 cum
1074 3862 1335 3943 reliquis
1351 3864 1711 3942 conjurasse,
1754 3862 1874 3923 imo
1919 3858 2161 3940 quidem
2204 3853 2545 3914 Suessiones

323 3954 535 4019 ἔπειτα
562 3977 633 4016 ac
662 3940 964 4036 proximos
991 3980 1128 4021 suos
1153 3981 1189 4021 a
1216 3961 1411 4022 surore
1436 3956 1687 4059 publico
1712 3959 2004 4021 retrahere
2031 3954 2305 4026 voluisse,
2350 3969 2545 4039 neque

324 4050 491 4123 ullo
472 4044 712 4133 mgenio
738 4050 1037 4137 potuisse.
1080 4055 1306 4119 ⁴*tanto
1334 4048 1488 4121 enim
1530 4079 1659 4120 esse
1703 4046 2126 4179 conjurationis
2162 4052 2447 4131 impetum
2477 4040 2547 4109 ιιί
