3117 5025
618 327 797 400 lm
1459 346 1541 395 ιι.
1583 345 1998 399 nonwnnm

615 510 797 572 porro
839 488 925 550 ait
947 487 1349 551 cenmrimem
1370 489 1622 552 Caesaris
1647 507 1904 552 xxxvi.
1938 489 2106 551 annis
2132 509 2244 571 pro
2270 491 2520 555 Cesarls
2545 489 2835 573 dignitate

611 586 980 666 ,victoriaque
1022 586 1414 668 depugnasse,
1450 589 1537 650 ita
1575 589 1885 650 manifesto
1922 587 2134 650 falsum
2165 597 2296 663 -est,
2335 599 2405 651 nt
2450 609 2608 670 agre
2647 590 2836 664 scribi

614 684 874 767 potuerit
906 703 945 744 a
970 703 1194 746 coaevo.
1275 685 1680 750 Detrahantur
1705 706 1742 747 a
1765 685 2060 766 praedicto
2097 686 2458 749 confusionis
2500 707 2658 748 anno
2688 695 2832 758 708.

612 781 756 846 anni
781 779 883 843 36.
914 780 1174 860 reliquus
1219 782 1332 843 erit
1372 802 1560 844 annus
1594 784 1674 845 U.
1715 783 1788 844 C.
1817 786 2074 845 Varrou.
2103 782 2247 853 672.
2289 804 2411 865 quo
2460 784 2577 846 sub
2599 786 2834 846 cm

618 879 824 944 mereri
844 877 1115 958 coeperit.
1171 880 1358 960 Atqui
1373 889 1601 942 certum
1617 890 1707 941 est
1723 882 1972 960 primam
1997 881 2246 944 Caesaris
2265 882 2630 961 provinciam
2656 881 2861 944 fuisse.

618 986 693 1040 ex
746 985 1025 1057 prmum,
1078 996 1233 1039 anno
1280 981 1531 1042 Varron.
1600 978 1743 1052 692.
1839 980 2051 1041 Doluit
2104 990 2393 1060 praeterea
2444 981 2645 1042 Caesar
2692 990 2839 1042 teste

618 1074 899 1164 Suetonio
940 1095 994 1135 c.
1022 1083 1085 1145 7.
1117 1076 1281 1156 quod
1329 1077 1477 1140 nihil
1511 1077 1658 1139 dum
1712 1098 1750 1139 a
1796 1098 1860 1138 se
1901 1078 2277 1139 memorabile
2301 1085 2306 1090 '
2317 1087 2548 1157 gestum
2595 1087 2752 1139 esset
2775 1077 2837 1138 in

617 1181 813 1246 oetate,
844 1192 960 1253 qua
998 1173 1130 1251 jam
1173 1172 1509 1236 Alexander
1547 1176 1752 1236 orbem
1794 1182 2077 1235 terrarum
2120 1174 2465 1255 subegisset.
2546 1176 2714 1236 AEtas
2739 1176 2840 1240 ius

617 1281 745 1332 erat
770 1290 902 1334 ann.
931 1277 1031 1332 33.
1062 1279 1130 1331 ut
1149 1281 1369 1350 praeter
1391 1272 1537 1332 alios
1566 1271 1744 1332 docet
1778 1271 1955 1331 etiam
1979 1271 2193 1333 Cicero
2220 1271 2483 1352 Philipp.
2513 1289 2582 1332 v.
2636 1272 2837 1333 Natus

614 1375 705 1428 est
733 1365 929 1426 Caesar
954 1383 1049 1428 IV.
1071 1366 1163 1429 ld.
1194 1368 1447 1439 Quintil.
1471 1388 1605 1429 ann.
1624 1369 1794 1428 Varr.
1822 1367 1967 1431 654.
2008 1366 2108 1429 Sic
2135 1388 2354 1429 annum
2382 1376 2482 1431 33.
2512 1368 2841 1429 absolverit

614 1482 771 1525 anno
799 1462 1041 1523 demum
1066 1465 1234 1526 Varr.
1261 1463 1405 1537 687.
1436 1466 1674 1527 ineunte
1714 1464 1984 1537 Quintili,
2015 1464 2178 1525 annis
2202 1477 2342 1545 post
2380 1466 2654 1545 praedict.
2687 1464 2835 1536 672.

617 1559 978 1641 quindecim.
1062 1562 1133 1620 In
1180 1562 1296 1623 hoc
1321 1573 1520 1623 tamen
1567 1581 1809 1624 numero
1838 1561 2212 1622 consentiunt
2257 1560 2544 1625 editiones
2569 1562 2838 1641 exscrip-

618 1667 909 1738 toresque,
953 1657 1015 1717 in
1043 1659 1260 1738 quibus
1299 1668 1361 1721 et
1398 1669 1616 1731 noster,
1659 1679 1736 1719 ne
1778 1657 2255 1729 dubitemus„ab
2293 1657 2714 1736 interpolatore
2757 1660 2841 1719 ita

615 1756 899 1835 scriptum
928 1774 1077 1815 esse.
1163 1755 1282 1814 Hie
1309 1755 1462 1815 idem
1491 1755 1643 1814 liber
1671 1755 1751 1823 Q.
1781 1753 2011 1832 Ligario
2029 1789 2038 1795 -
2059 1754 2238 1815 vitam
2266 1754 2327 1813 in
2356 1753 2558 1814 Africa
2588 1775 2838 1817 conces-

617 1870 745 1913 sam
799 1874 925 1914 esse
968 1862 1185 1926 narrat,
1231 1871 1368 1932 cap.
1400 1860 1498 1924 89.
1585 1849 1766 1922 Quod
1817 1860 2017 1911 tamen
2062 1851 2378 1912 certissime
2418 1850 2634 1914 falsum
2689 1874 2838 1927 esse,

617 1959 851 2012 constat
889 1971 959 2011 ex
1004 1950 1213 2029 insigni
1256 1939 1576 2022 Ciceronis,
1625 1958 1764 2028 post
1802 1947 2057 2010 reditum
2100 1949 2366 2020 Caesaris,
2418 1950 2687 2010 oratione
2728 1970 2841 2030 pro

615 2047 876 2126 Ligario.
951 2046 1155 2108 Coaevi
1186 2046 1487 2127 scriptoris
1517 2056 1639 2106 tam
1664 2064 1893 2105 crassus
1914 2065 2078 2106 error
2104 2065 2229 2105 esse
2258 2046 2355 2105 vix
2383 2045 2602 2126 potuit.
2657 2048 2739 2108 Et
2765 2050 2840 2128 L.

620 2143 843 2205 Caesari
868 2144 1044 2205 vitam
1073 2164 1110 2204 a
1137 2146 1172 2206 J
1176 2146 1316 2220 ulio,
1341 2143 1631 2223 facileque
1650 2162 1990 2203 concessam
2010 2143 2136 2203 vult
2163 2153 2370 2204 auctor
2391 2143 2529 2204 belli
2549 2144 2840 2207 Africani.

623 2241 846 2303 Contra
875 2240 992 2301 Dio
1020 2242 1125 2303 lib.
1156 2259 1371 2304 xmu.
1401 2250 1608 2302 contra
1653 2238 1973 2301 Suetonius
1999 2240 2153 2299 Caes.
2181 2257 2312 2319 cap.
2357 2248 2458 2308 75.
2501 2249 2716 2302 contra
2745 2262 2845 2303 co·

621 2358 786 2400 aevus
812 2339 1045 2400 Cicero.
1131 2339 1313 2400 Mitto
1354 2360 1497 2412 rem,
1526 2358 1708 2418 quam
1756 2346 1962 2399 auctor
2000 2337 2125 2417 ipse
2161 2338 2568 2398 incredibilem
2596 2338 2840 2414 fatetur,

619 2438 700 2497 ab
748 2437 1047 2518 equitibus
1074 2438 1323 2498 Caesaris
1363 2453 1539 2496 xxx.
1570 2435 1762 2496 Gallis
1807 2437 2151 2496 Maurorum
2199 2436 2464 2516 equitum
2491 2435 2616 2497 duo
2659 2439 2844 2498 millia

619 2534 758 2595 loco
808 2555 937 2595 esse
993 2535 1180 2614 pulsa.
1266 2535 1446 2596 Mitto
1488 2535 1970 2613 provocationem
2016 2534 2371 2594 centurionis
2420 2534 2718 2614 praedicti,
2778 2547 2843 2596 ut

620 2650 760 2693 cum
815 2632 933 2692 suis
975 2630 1182 2692 decem
1239 2651 1378 2691 cum
1427 2633 1676 2691 cohorte
1726 2629 2011 2708 Scipionis
2056 2629 2385 2690 firmissima
2438 2642 2839 2693 concurreret.

621 2720 771 2791 Hice
819 2730 995 2809 plane
1043 2728 1439 2789 fabulatorum
1467 2726 1702 2805 genium
1747 2725 1984 2803 sapiunt
2021 2725 2218 2803 potius
2248 2746 2422 2805 quam
2453 2726 2841 2805 prudentissi-

616 2847 870 2896 morum,
898 2827 1112 2907 quibus
1144 2827 1425 2885 saeculum
1456 2823 1601 2884 inud
1630 2822 2044 2902 politissimum
2068 2823 2435 2896 abundabat,
2460 2824 2842 2905 scriptorum.

622 2925 760 2985 Huc
788 2926 965 2985 etiam
997 2923 1143 2983 illud
1173 2922 1364 2983 refero
1407 2940 1541 3000 cap.
1573 2931 1674 2992 70.
1706 2920 1868 3000 quod
1898 2920 2066 2994 dicit,
2096 2914 2345 2982 Caesaris
2368 2923 2416 2981 si
2441 2940 2560 2981 non
2585 2924 2839 3002 amplius

621 3028 738 3080 tres
788 3032 891 3081 ant
920 3031 1174 3099 quatuor
1225 3019 1431 3080 milites
1473 3016 1734 3079 veterani
1776 3038 1840 3077 se
1881 3018 2314 3091 convertissent,
2356 3029 2422 3094 et⁸
2453 3019 2574 3098 pila
2620 3020 2842 3081 viribus

620 3126 891 3197 contorta
945 3119 1001 3178 in
1072 3116 1357 3177 Numidas
1412 3116 1652 3177 infestos
1706 3116 2113 3195 conjecissent,
2171 3117 2424 3196 amplius
2481 3133 2562 3177 11.
2587 3117 2842 3179 millium

622 3231 865 3274 numero
912 3215 987 3275 ad
1019 3235 1201 3274 unum
1231 3224 1395 3295 terga
1435 3214 1701 3275 vertisse.
1788 3216 1941 3275 Sunt
1967 3214 2141 3275 etiam
2188 3214 2246 3274 in
2275 3213 2536 3275 dictione
2564 3213 2842 3295 plurima,

623 3332 761 3391 quae
810 3333 981 3373 nemo
1030 3313 1251 3391 peritus
1295 3315 1496 3374 harum
1522 3332 1718 3372 ‘rerum
1758 3331 1965 3373 censor
2004 3312 2079 3372 ad
2110 3312 2360 3373 Caesaris
2409 3320 2643 3372 aetatem
2683 3325 2842 3375 retu-

619 3407 790 3480 lerit:
850 3430 985 3490 cap.
1032 3421 1126 3472 12.
1154 3411 1403 3491 galeati.
1460 3411 1601 3470 Non
1631 3429 1723 3468 me
1751 3408 1899 3488 fugit
1929 3409 2091 3479 illud,
2121 3409 2223 3468 sed
2262 3416 2493 3487 poetae:
2530 3410 2842 3490 galeatus

621 3525 751 3567 sero
798 3507 986 3569 duelli
1018 3510 1291 3587 poem'tet.
1396 3510 1460 3570 S.
1494 3507 1837 3586 Hieronymi
1881 3506 2165 3583 Prologus
2205 3506 2471 3585 galeatus
2515 3506 2701 3568 serior
2726 3516 2837 3568 est.

623 3604 777 3685 Gap.
808 3614 908 3667 31.
952 3609 1164 3686 ignota
1193 3616 1451 3683 ‚peccata
1490 3605 1755 3683 legimus,
1800 3604 2013 3683 quibus
2037 3604 2472 3683 ignoscebatur.
2555 3605 2707 3684 Cap.
2741 3614 2838 3677 19.

621 3704 1087 3765 innumerabilis.
1175 3705 1323 3781 Cap.
1365 3702 1467 3765 46.
1496 3699 1903 3763 cruciabiliter
1951 3701 2269 3781 interfecti.
2342 3700 2672 3762 Parvulam
2700 3722 2837 3763 cau-

619 3800 808 3863 endam
836 3821 964 3877 cap.
997 3810 1094 3861 54.
1155 3802 1420 3860 Parvum
1447 3808 1774 3860 senatorem
1800 3819 1936 3879 cap.
1959 3809 2058 3870 57.
2129 3798 2388 3880 Magnis
2414 3800 2599 3878 copiis
2616 3799 2837 3860 mila·-

621 3900 782 3977 t‘sque
825 3901 989 3978 regis
1028 3897 1282 3977 praediei
1331 3917 1466 3978 cap.
1517 3907 1616 3959 58.
1690 3897 2005 3978 Suppetiae
2050 3916 2352 3959 occurrere
2406 3916 2542 3976 cap.
2583 3892 2686 3955 66.
2732 3893 2837 3959 68.

624 3995 776 4081 Cap.
808 4005 906 4063 77.
929 4005 1290 4055 commeatus.
1352 3997 1486 4055 Non
1515 4017 1551 4055 a
1582 3998 1794 4056 castris
1820 4008 2034 4066 tamen,
2058 3993 2162 4055 sed
2192 3993 2276 4055 ad
2301 4000 2521 4055 castra.
2569 3994 2833 4071 Cap.78.

624 4097 693 4148 ut
736 4090 1012 4151 haberent
1044 4093 1407 4170 facultatem
1455 4103 1681 4154 turmas
1707 4093 1987 4155 Julianus
2031 4091 2515 4171 circumfundere.
2601 4089 2838 4150 Ibidem

622 4192 909 4278 satagere,
927 4208 1033 4271 pro
1061 4190 1258 4275 praelio
1286 4192 1573 4254 laborare.
1621 4193 1775 4272 Cap.
1800 4201 1898 4257 88.
1916 4198 2161 4253 mentem
2182 4191 2250 4251 in
2260 4189 2428 4271 suga
2454 4186 2835 4253 destinatam.
