3117 5025
602 361 779 441 2068
1296 371 1683 435 nnnnnsus
1740 372 2168 425 amnon-uu

606 564 687 601 7-
729 526 965 608 Lipsiae.
997 535 1054 587 8.·
1083 523 1222 603 maj.
1249 525 1321 593 C.
1345 523 1487 585 Jnlii
1544 525 1792 586 Caesaris
1819 522 2236 585 commentarii
2272 522 2348 584 de
2386 524 2541 585 bello
2574 525 2805 595 Gallico

694 636 756 687 et
784 624 959 686 civili:
996 621 1305 683 Accedunt
1336 620 1495 681 Libri
1514 620 1592 681 de
1620 620 1775 681 hello
1793 620 2203 693 Alexandrino,
2225 620 2498 681 Africano
2518 631 2581 681 et
2603 622 2807 702 Hispa-

690 723 889 783 niensi.
948 723 1001 793 E
1050 719 1386 797 recensione
1442 719 1649 778 Frane.
1720 718 2147 797 Oudendorpii.
2212 718 2453 780 Curavit
2501 719 2806 783 editionem

596 818 604 849 ¹
688 822 841 880 Sam.
884 821 979 880 Fr.
1016 817 1273 877 Nathan.
1326 817 1553 877 Morus.
1599 816 1807 895 Lipsiae
1851 816 2014 896 apud
2059 815 2300 876 heredes
2340 815 2705 877 Weidmann.
2750 827 2809 878 et

688 914 1017 977 Reichium.
1097 913 1345 973 Volente
1383 912 1467 972 sic
1513 912 1767 985 librario,
1793 920 1897 973 ant
1948 912 2151 973 nescio
2201 913 2376 992 cujus
2426 913 2689 987 hominis⁴
2710 914 2810 974 im·

688 1013 883 1094 pulsu,
906 1010 1219 1072 lectionem
1247 1009 1812 1090 Oudendorpianam
1855 1010 2057 1081 dedit;
2100 1010 2161 1070 in
2207 1010 2359 1071 notis
2399 1010 2613 1081 criticis
2656 1031 2811 1090 saepe

687 1111 765 1170 ab
793 1109 1000 1171 eadem
1028 1107 1314 1168 dissentit.
1360 1107 1582 1169 Praeter
1608 1106 1720 1167 alia
1764 1127 1838 1167 ex
1881 1106 2091 1168 Ritteri
2132 1106 2375 1168 historia
2411 1107 2716 1168 Gallorum
2751 1117 2811 1170 et

687 1205 1044 1270 Guischardi
1071 1204 1229 1265 libris
1258 1205 1332 1265 de
1358 1225 1422 1265 re
1448 1205 1683 1265 militari
1711 1215 1972 1266 veterum
2026 1204 2214 1264 multa
2255 1202 2503 1264 Caesaris
2545 1205 2675 1267 loca
2710 1225 2808 1265 ex-

686 1306 883 1385 plicat.
934 1302 1176 1381 Adjecit
1200 1301 1457 1363 indicem
1485 1301 1808 1361 latinitatis:

618 1411 772 1471 1782
813 1401 1237 1479 Norimbergae.
1261 1408 1320 1461 8.
1347 1417 1446 1478 ap.
1477 1397 1697 1477 megel,
1736 1419 1807 1458 ex
1836 1397 2176 1461 recensione
2212 1396 2645 1478 Oudendorpii,
2672 1417 2811 1473 cura

691 1499 871 1560 Mori.
893 1506 940 1560 2
969 1497 1110 1558 voll.

608 1633 690 1648 -
730 1595 990 1676 Biponti.
1023 1603 1079 1655 8.
1111 1592 1251 1672 mai.
1283 1594 1353 1654 C.
1397 1592 1543 1654 sulii
1584 1593 1835 1657 Caesaris
1876 1593 2098 1674 Opera,
2127 1593 2202 1654 ad
2244 1593 2499 1673 optimas
2533 1593 2819 1655 editiones

685 1693 898 1755 collata
952 1692 1161 1754 studiis
1205 1691 1516 1753 Societatis
1571 1691 1927 1772 Bipontinae.
1985 1690 2246 1771 Biponti,
2297 1711 2371 1751 ex
2434 1692 2811 1771 typographia

693 1791 1023 1857 Societatis.
1054 1798 1091 1853 2
1121 1790 1261 1853 voll.

599 1895 689 1936 ⁴—-
730 1887 1019 1968 Lugduni.
1049 1896 1148 1949 24.
1177 1886 1321 1966 maj.
1350 1906 1485 1947 cum
1514 1886 1670 1949 notis
1700 1886 1974 1949 Gallicis.

615 1995 766 2057 1783
811 1984 1162 2065 Moguntiae.
1187 1993 1243 2047 8.
1287 1986 1358 2045 C.
1384 1983 1524 2047 Julii
1550 1985 1797 2045 Caesaris
1824 1984 2241 2061 Commentarii
2262 1992 2326 2044 et
2351 1950 2812 2063 supplementum

691 2084 899 2144 incerti
924 2083 1177 2142 auctoris
1209 2082 1286 2143 de
1313 2082 1475 2144 bello
1520 2082 1779 2156 Gallico,
1820 2103 1895 2143 ex
1942 2081 2281 2143 recensione
2326 2081 2535 2141 Franc.
2582 2081 2812 2142 Ouden-

690 2179 903 2259 dorpii.
946 2181 1012 2239 In
1043 2199 1213 2240 usum
1240 2180 1578 2241 scholarum
1598 2180 1916 2241 editionem
1939 2179 2168 2241 curavit
2193 2177 2341 2239 Phil.
2385 2176 2539 2238 Lud.
2570 2180 2752 2243 Hans.
2806 2236 2815 2247 ,

617 2285 772 2347 1784
813 2276 1090 2337 Londini.
1117 2285 1212 2339 12.
1242 2297 1313 2337 ex
1340 2278 1437 2338 ed.
1467 2279 1660 2341 Mich.
1662 2277 2009 2349 Maittairii.

621 2384 770 2444 1785
815 2376 1020 2437 Fuldoe
1046 2384 1108 2436 et
1133 2375 1518 2455 wirceburgi.
1553 2385 1612 2437 8.
1641 2396 1742 2456 ap.
1772 2376 1998 2437 Stahel.
2030 2384 2067 2437 2
2097 2374 2238 2435 voll.

606 2506 630 2540 ι,
692 2473 944 2535 Parisiis.
973 2483 1033 2536 4.
1064 2494 1201 2535 cum
1226 2493 1377 2535 vers.
1421 2473 1675 2547 Gallica,
1703 2482 1766 2534 et
1802 2472 1960 2535 notis
1987 2469 2241 2551 Turpini
2275 2469 2354 2529 de
2375 2468 2587 2533 crisse.
2618 2479 2656 2532 3
2686 2469 2810 2532 voll

694 2571 918 2632 -Vith
947 2593 1125 2634 verss.
1152 2573 1209 2634 h.
1229 2592 1291 2633 a.

617 2667 771 2739 1786
812 2669 1085 2731 Londini.
1133 2680 1190 2731 8.
1235 2672 1306 2730 C.
1339 2670 1481 2732 sulii
1509 2669 1758 2731 Caesaris
1795 2666 2229 2730 commentaria
2272 2665 2348 2726 de
2377 2665 2533 2726 bello
2564 2664 2813 2737 Gallico,

689 2788 826 2827 eum
857 2769 1117 2828 versione
1145 2767 1391 2847 Anglica
1410 2770 1469 2829 J.
1498 2768 1767 2839 Towers.
1838 2813 1845 2822 .
2748 2819 2757 2826 .

612 2873 762 2932 1788
809 2864 1078 2925 Londini.
1126 2875 1181 2927 8.
1224 2885 1360 2928 cum
1387 2864 1866 2945 interpretatione
1895 2874 1957 2926 et
1977 2865 2130 2926 notis
2157 2866 2255 2928 Jo.
2283 2862 2813 2926 Godniniinnsnm

692 2962 994 3040 Delphini.

619 3066 772 3127 1790
816 3058 1082 3118 Londini.
1139 3068 1196 3119 8.
1247 3041 1316 3120 C.
1354 3005 1496 3122 Julii
1541 3061 1787 3122 Caesaris
1817 3060 2019 3140 Opera
2066 3061 2282 3128 omnia.
2333 3059 2611 3132 Londini,
2664 3055 2813 3138 typis

617 3213 630 3219 ,
661 3153 1111 3231 Jacksonianis.
1165 3166 1200 3218 2
1251 3158 1391 3216 voll.
1397 3158 1759 3237 —Sequitur
1807 3167 2035 3220 textum
2079 3159 2156 3219 ab
2200 3156 2631 3236 Oudendorpio
2679 3173 2816 3216 con·

695 3251 981 3311 stitutum.
1027 3252 1226 3312 Editio
1251 3253 1432 3314 nitida
1453 3264 1513 3328 et
1540 3265 1830 3318 correcta.

614 3381 695 3392 —
739 3346 1010 3408 Londini.
1044 3357 1102 3410 8.
1131 3351 1203 3410 C.
1233 3351 1375 3411 Julii
1398 3353 1645 3412 Caesaris
1675 3354 1917 3431 Opera,
1926 3351 2183 3413 ediditJ.
2215 3355 2453 3423 Homer.

612 3477 693 3489 --
727 3444 1000 3506 Londini.
1028 3455 1085 3508 8.
1117 3449 1408 3528 Excerpta
1437 3450 1711 3514 historica
1737 3470 1811 3510 ex
1841 3451 1912 3511 C.
1934 3450 2095 3511 Julio
2124 3451 2379 3522 cassare,
2406 3449 2487 3510 Τ.
2513 3448 2684 3516 Livio
2710 3450 2814 3524 Ρι-

698 3542 919 3614 tavin0‚
942 3552 1001 3603 et
1029 3545 1100 3604 C.
1123 3547 1302 3606 Corn.
1325 3547 1554 3609 Tacito.
1640 3548 1706 3606 In
1737 3559 1907 3608 u'sum
1936 3547 2291 3607 scholarum.

621 3646 774 3709 1797
803 3641 1118 3701 Varsoviae.
1142 3651 1197 3706 8.
1215 3644 1442 3706 C.Julii
1469 3645 1717 3705 Caesaris
1747 3646 1824 3705 de
1846 3646 2007 3705 bello
2036 3643 2270 3705 Gallico
2298 3653 2354 3703 et
2368 3643 2556 3714 emh,
2574 3660 2815 3704 necnon

693 3735 937 3797 aliorum
967 3736 1043 3797 de
1063 3738 1220 3800 bello
1249 3741 1668 3814 Alexandrino,
1709 3742 1990 3803 Africano
2017 3750 2079 3802 et
2106 3740 2480 3819 Hispaniensi
2501 3747 2813 3802 comment.

697 3831 792 3891 Ad
822 3835 1123 3914 exemplar
1170 3836 1581 3916 Oudendorpii
1619 3838 2019 3900 recudendum
2057 3839 2309 3915 curavit,
2335 3836 2594 3897 indicem
2641 3837 2815 3896 histo·

691 3929 881 3988 ticum
901 3940 963 3989 et
988 3932 1442 4011 geographicum
1466 3934 1704 4015 adjecit,
1733 3945 1793 3994 et
1814 3936 1993 3998 vitam
2023 3935 2273 3996 Caesaris
2290 3955 2327 3994 a
2366 3934 2654 3996 Suetonio
2680 3951 2818 3992 con-

699 4024 974 4103 scriptam
1002 4030 1286 4107 praemisit
1323 4030 1421 4093 Jo.
1452 4032 1670 4094 Christ.
1700 4032 1858 4095 Frid.
1888 4033 2137 4094 Wetzel.
2172 4034 2415 4104 Varsov.
2439 4050 2539 4110 ap
2568 4029 2773 4093 Wilke.
