3117 5025
1077 430 1146 481 o.
1191 430 1396 481 wau
1446 431 1803 482 camnis.
1864 396 1876 447 ·'
2388 416 2570 487 Μ

351 638 358 645 .
422 579 584 641 notin
609 579 919 641 illustravit
941 581 980 641 J
985 588 1043 639 o'.
1069 578 1388 640 Goduinus
1408 579 1463 640 in
1496 600 1667 642 usum
1692 582 2003 663 Delphini.

343 676 506 749 1696
549 678 914 740 francofurti
940 689 1000 737 et
1027 678 1259 755 Lipsiae.
1287 688 1343 740 8.
1368 700 1440 738 ex
1463 680 1698 739 erneud.
1719 681 2019 760 Scaligeri,
2050 700 2187 743 cum
2218 681 2358 762 figg.
2390 682 2556 743 tabb.

425 796 627 855 geogr.
658 785 713 834 et
744 775 946 836 Indice
973 776 1113 837 Joh.
1145 777 1376 835 Valent.
1409 777 1700 839 Merbizii.

341 871 503 943 1697
545 873 823 933 londini.
873 883 932 935 8.
977 873 1279 951 Repetitio
1301 872 1400 933 ed.
1432 874 1703 935 Goduiui
1733 874 1789 934 iu
1824 896 1989 937 unum
2021 875 2319 955 Delphini.

335 1003 422 1033 —-.
465 971 911 1031 Am⁸telodami.
958 980 1014 1032 8.
1061 974 1136 1032 C.
1162 972 1305 1032 Julii
1333 972 1581 1033 caesaris
1605 992 1739 1051 quae
1752 983 1979 1042 extant,
1999 993 2136 1034 cum
2160 977 2315 1036 notis
2337 986 2398 1036 et
2438 978 2563 1038 ani-

421 1067 928 1128 madversionibus
968 1069 1233 1148 Dionysii
1261 1069 1475 1140 vossii,
1507 1078 1583 1128 ‘ut
1620 1080 1679 1130 et
1712 1074 1812 1149 qui
1843 1080 2089 1130 vocatur
2131 1073 2328 1133 Julius
2355 1075 2562 1152 Celsus

426 1164 507 1225 de
534 1165 651 1224 vita
677 1177 736 1225 et
764 1166 938 1224 rebus
967 1165 1142 1244 gestis
1172 1167 1245 1225 C.
1271 1167 1305 1226 J
1313 1167 1413 1224 ulii
1459 1167 1732 1226 Caesaris.
1820 1169 1909 1226 Ex
1939 1180 2140 1227 museo
2178 1171 2275 1231 Jo.
2318 1172 2563 1251 Georgii

418 1264 664 1327 Graevii.
750 1262 1190 1333 Amstelodami,
1218 1282 1290 1322 ex
1312 1271 1541 1342 typogr.
1574 1264 1641 1323 P.
1673 1272 1741 1324 et
1761 1266 1821 1326 J.
1844 1264 2311 1325 Ehem-Dion.
2347 1268 2557 1341 Vossii,

423 1366 511 1423 G.
541 1365 600 1424 J.
630 1360 1000 1432 filii,-codice
1047 1362 1403 1439 perantiquo
1444 1370 1600 1422 msto
1626 1361 1736 1433 usi,
1766 1372 1941 1432 uotae,
1976 1361 2223 1440 primum
2256 1383 2295 1422 a
2320 1365 2560 1424 Graevio

417 1461 617 1533 editae,
647 1459 860 1538 partim
890 1468 1025 1518 suut
1069 1457 1252 1519 critici
1295 1460 1541 1537 generis,
1592 1458 1807 1537 partim
1843 1459 2207 1537 grammatici
2236 1464 2341 1518 aut
2381 1460 2564 1520 histu-

417 1558 549 1618 rici.
634 1556 829 1635 Ipsius
858 1557 1083 1616 Graevii
1111 1576 1270 1616 curae
1296 1566 1520 1619 tautum
1551 1567 1857 1617 versantur
1882 1557 1943 1615 in
1982 1556 2358 1616 emendando
2398 1559 2557 1619 Julio

419 1654 618 1715 Celso.
702 1652 925 1714 Addita
947 1653 1072 1713 Jos.
1098 1651 1375 1731 Scaligeri
1397 1653 1606 1713 notitia
1623 1655 1858 1727 Gallias,
1887 1663 1948 1716 et
1974 1662 2131 1714 uotae
2160 1672 2338 1733 super
2358 1656 2565 1736 appel-

419 1749 744 1811 lationibus
788 1749 1052 1809 locorum
1102 1750 1334 1827 aliquot
1372 1758 1434 1811 et
1489 1750 1749 1827 gentium
1784 1751 1943 1829 apud
1985 1752 2299 1821 Caesarem,
2348 1770 2483 1830 quae
2528 1774 2564 1814 e

419 1846 710 1926 Scaligeri
769 1846 1142 1925 autographo
1187 1845 1586 1924 castigatiores
1634 1856 1697 1906 et
1747 1848 2031 1907 auctiores
2086 1847 2183 1906 hic
2233 1847 2561 1925 vulgantur.
2612 1922 2617 1925 .

421 1946 623 2007 Editio
653 1943 857 2016 nitida,
888 1943 1161 2021 quamvis
1190 1963 1307 2003 nou
1339 1962 1764 2021 usquequaque
1784 1942 2270 2003 emendatissima.

335 2050 501 2113 1700
541 2039 940 2103 Roterodami.
991 2038 1087 2102 16.
1153 2059 1255 2120 ap.
1278 2041 1532 2119 Regner.
1561 2039 1759 2112 Leers,
1798 2060 1872 2099 ex
1900 2041 2128 2101 mend.
2159 2041 2452 2120 Scaligeri.
2528 2058 2539 2099 .'

337 2319 605 2395 ‚AETAS
646 2319 722 2381 V.
816 2315 2519 2383 CELLARIO-DAwsm-CLARKIO-OUDENDOR·

1311 2431 1590 2493 PlANA.

1145 2681 1156 2684 ⁷
1247 2619 1675 2682 1705—1803.
1714 2673 1719 2680 ,

335 2813 494 2878 1705
540 2804 774 2885 Lipsiae.
823 2816 879 2868 8.
923 2805 997 2866 C.
1026 2805 1164 2868 Julii
1198 2804 1445 2866 Caesaris
1480 2804 1882 2864 commentarii
1922 2804 1997 2864 de
2040 2802 2198 2863 bello
2228 2801 2466 2862 Gallico
2492 2808 2552 2859 et

418 2904 611 2975 Civili,
659 2907 776 2962 ἃς).
863 2902 1324 2981 Christophorus
1348 2901 1634 2961 Cellarius
1662 2900 1959 2961 recensuit
1986 2908 2045 2960 et
2087 2900 2247 2959 notis
2283 2918 2355 2958 ac
2392 2895 2557 2956 novis

415 2999 638 3060 tabulis
665 2999 1076 3079 geographicis
1107 2998 1773 3078 illustravit.-Optima
1800 2997 2005 3059 editio.
2078 2996 2362 3066 Quamvis
2402 2993 2558 3054 euim

309 3145 328 3156 .
416 3097 704 3158 Cellarius
733 3097 856 3175 ipse
884 3097 1064 3158 codd.
1097 3118 1212 3156 uon
1244 3118 1384 3158 usus
1415 3096 1511 3168 sit,
1545 3097 1692 3157 bene
1714 3095 1989 3156 adhibuit
2010 3105 2203 3155 tamen
2230 3093 2378 3164 illos»,
2403 3111 2555 3170 quos

413 3194 552 3254 olim
585 3194 778 3254 Mieh.
808 3197 1051 3264 Brutus,
1083 3194 1150 3254 F.
1180 3194 1445 3265 Ursinus,
1478 3194 1545 3252 Ρ.
1573 3194 1925 3268 Ciacconius
1958 3193 2174 3272 aliique
2203 3190 2554 3259 evolverant‚

335 3363 344 3372 ⁸
417 3294 696 3373 antiquas
751 3294 896 3354 edd.
945 3292 1256 3371 variasque
1314 3290 1725 3370 castigationes
1781 3303 1958 3370 atque
2017 3292 2552 3369 interpretamenta,

413 3390 669 3450 maxime
692 3390 871 3451 Dion.
895 3390 1089 3450 Vossii
1114 3411 1145 3449 a
1176 3391 1416 3450 Graevio
1445 3390 1501 3449 in
1546 3392 1739 3450 lucem
1769 3393 2111 3469 productas.
2195 3389 2309 3448 Sed
2340 3397 2400 3446 et
2427 3386 2555 3464 ipse

415 3485 793 3548 doctissimus
821 3488 910 3549 vir
939 3489 1122 3550 multa
1151 3509 1222 3548 ex
1254 3508 1357 3548 sua
1386 3508 1544 3566 penu
1576 3489 1839 3566 protulit,
1855 3490 2127 3567 notisque
2159 3485 2469 3547 utilissimis
2494 3492 2556 3543 et

424 3585 641 3646 tabulis
664 3601 757 3644 vl.
791 3606 988 3664 geogr.
1026 3597 1320 3645 auctorem
1363 3587 1693 3658 illustravit,
1724 3586 1977 3665 denique
2023 3585 2254 3656 Iudices
2299 3580 2556 3659 locuple-

412 3683 583 3743 tavit.
669 3683 827 3742 Hinc
857 3703 928 3742 ea
939 3684 1083 3761 jure
1111 3704 1214 3742 suo
1245 3685 1458 3762 saepius
1484 3685 1755 3762 repetita.

332 3779 496 3851 1706
543 3780 816 3840 Londini.
849 3791 905 3844 8.
953 3784 1167 3861 Repet.
1197 3785 1291 3841 ed.
1322 3783 1590 3843 Goduiui
1613 3783 1672 3841 iu
1696 3800 1879 3849 ,usum
1908 3780 2125 3856 Delph.

321 3912 410 3926 —-
453 3877 870 3955 Cantabrigiae.
918 3886 976 3937 4.
1021 3880 1093 3938 C.
1125 3880 1265 3939 Julii
1293 3881 1540 3940 Caesaris
1572 3900 1704 3958 quae
1733 3885 1936 3938 extant
1962 3876 2181 3934 omnia.
2242 3874 2329 3931 Ex
2348 3891 2548 3932 recen-

408 3975 571 4035 sione
615 3973 859 4033 Joaunis
903 3976 1142 4049 Davisii,
1165 3961 1312 4040 'cum
1341 3978 1613 4054 ejusdem
1650 3972 2250 4036 animadversionibus
2293 3989 2361 4028 ac
2390 3968 2546 4028 notis

410 4070 575 4131 Petri
630 4071 957 4144 ciacconii,
1009 4075 1102 4133 Fr.
1156 4075 1535 4144 Hotomanui‚
1582 4077 1679 4138 Jo.
1734 4070 1975 4140 Brantii,
2024 4069 2211 4138 Dion.
2260 4066 2442 4126 Vossii
2488 4075 2550 4126 et

407 4166 685 4234 aliorum.
743 4171 1054 4234 Acceaeere
1099 4171 1482 4249 metaphrasis
1529 4190 1721 4249 graeca
1775 4169 2057 4228 librorum
2108 4181 2235 4224 vn.
2279 4164 2355 4224 de
2394 4163 2550 4230 bello

410 4263 588 4330 Gall.
605 4283 717 4328 nec
765 4285 882 4327 non
919 4266 1147 4342 indices
1176 4269 1504 4340 necessarii.
1546 4267 1962 4346 cantabrigiae.
2010 4263 2171 4346 ‚typis
2212 4262 2551 4336 Acadmlm‘
