3117 5025
586 413 762 486 1748
1240 428 1304 481 r.
1345 428 1561 481 cmm
1608 427 2145 482 contram-Anu

586 585 880 646 dimittere
915 583 975 645 in
999 581 1200 645 animo
1224 583 1500 655 babebat,
1527 583 1780 664 reliquos
1800 603 2004 644 omnes
2032 600 2235 643 secum
2263 581 2401 643 loco
2427 578 2701 644 obsidum
2739 578 2796 643 in

588 682 954 744 Britanniam
995 681 1297 760 trajicere:
1343 682 1520 761 hujus
1539 682 1767 743 consilii
1794 702 1974 742 causa
2001 689 2149 754 erat,
2177 679 2456 761 quoniam
2483 681 2798 743 verebatur

586 799 668 841 ne
690 780 792 859 qui
835 790 1027 841 motus
1054 799 1114 842 se
1141 780 1400 859 digresso
1426 781 1485 838 in
1516 780 1707 840 Gallis
1733 777 2069 839 ‘'oriretur:
2112 798 2264 858 quos
2306 779 2617 858 praesentia
2655 777 2803 841 fide-

587 877 730 938 lium
757 888 818 938 et
863 878 1124 938 absentia
1163 876 1526 956 perfidorum
1575 875 1811 956 reprimi
1849 893 2026 955 posse
2050 873 2449 937 ⁶⁶turbabatur.
2479 875 2610 956 [82]
2659 877 2801 939 Erat

472 1043 481 1052 ,
588 974 742 1035 inter
792 977 933 1035 alios
984 975 1307 1036 Domnorix
1364 975 1587 1035 AEduus
1632 972 1816 1034 frater
1855 973 2168 1034 Divitiaci:
2211 973 2369 1033 hunc
2413 975 2621 1034 Caesar
2653 984 2792 1035 ante

590 1072 736 1133 alios
777 1092 974 1134 secum
1005 1073 1223 1134 ducere
1263 1073 1608 1145 instituerat,
1639 1073 1800 1152 quod
1849 1081 1911 1132 et
1953 1068 2148 1132 ⁶⁷cum
2192 1091 2421 1150 magnae
2462 1070 2625 1149 apud
2667 1091 2801 1132 suos

590 1167 882 1250 opinionis
921 1192 1049 1232 esse
1090 1183 1350 1243 noverat,
1374 1180 1432 1230 et
1460 1171 1519 1230 in
1548 1168 1847 1231 Romanos
1890 1168 2162 1248 pessimae
2190 1168 2543 1229 voluntatis:
2588 1167 2689 1229 Sic
2736 1177 2803 1230 ut

590 1268 884 1329 interdum
909 1271 1059 1330 sicut
1087 1287 1265 1348 supra
1291 1268 1551 1328 diximus
1579 1268 1654 1328 de
1693 1269 1823 1346 ejus
1853 1266 2147 1346 supplicio
2173 1265 2525 1344 cogitasset:
2594 1265 2802 1327 adhaec

589 1364 755 1426 illum
785 1366 842 1426 in
872 1365 1114 1426 consilio
1143 1385 1378 1426 suorum
1400 1364 1663 1444 jactasse
1685 1364 2015 1436 constabat,
2058 1362 2319 1423 delatum
2346 1362 2459 1423 sibi
2500 1383 2538 1422 a
2568 1364 2802 1424 Caesare

588 1464 799 1543 patriae
827 1483 948 1523 suae
975 1483 1241 1543 regnum,
1272 1482 1447 1543 quam
1469 1459 1633 1544 ⁶²3per
1673 1461 2006 1542 superbiam
2049 1461 2140 1521 sui
2167 1460 2322 1521 cives
2363 1460 2577 1539 iniquis
2615 1460 2800 1522 tulere

590 1559 818 1631 animis,
849 1559 953 1619 sed
983 1559 1264 1639 potentias
1290 1579 1411 1620 suae
1439 1569 1600 1620 metu
1630 1560 1796 1640 queri
1823 1558 1985 1639 apud
2007 1559 2302 1619 Caesarem
2323 1577 2444 1617 non
2461 1558 2795 1620 audebant:

593 1655 688 1716 bis
715 1676 789 1716 ex
817 1657 1013 1716 causis
1054 1657 1388 1718 instabilem
1416 1657 1602 1718 virum
1631 1669 1693 1719 et
1727 1669 1937 1719 natura
1963 1658 2128 1717 novis
2157 1676 2388 1735 semper
2414 1657 2588 1717 rebus
2618 1656 2806 1717 inten-

590 1764 740 1826 tum,
771 1763 831 1815 et
860 1753 1086 1815 hostilis
1129 1755 1305 1816 animi
1334 1766 1475 1836 post
1517 1776 1580 1816 se
1607 1757 1901 1818 dimittere
1940 1756 2261 1836 expediens
2290 1754 2525 1814 minime
2562 1753 2804 1832 judica·

591 1850 720 1912 bat.
802 1854 1022 1913 Contra
1057 1853 1154 1914 ille
1198 1863 1262 1914 ut
1291 1854 1683 1915 dimitteretur
1727 1855 2002 1929 instabat,
2049 1863 2228 1932 atque
2269 1852 2521 1913 obnixus
2569 1853 2802 1924 orabat,

591 1949 833 2011 frivolas
873 1950 1239 2030 praetendens
1282 1950 1562 2031 precibus
1611 1951 1894 2012 rationes:
1937 1951 2074 2010 hinc
2103 1959 2325 2010 metum
2374 1948 2647 2009 maritimi
2694 1950 2806 2010 sas-

591 2047 758 2119 tidii;
798 2048 958 2127 quod
991 2057 1112 2108 tam
1140 2067 1326 2128 parvo
1354 2048 1529 2108 maris
1556 2047 1751 2127 spatio
1781 2047 1985 2127 utique
2025 2065 2297 2126 magnum
2325 2065 2453 2106 esse
2493 2066 2611 2106 non
2639 2057 2807 2126 pote-

584 2147 710 2216 ἠις
743 2145 882 2205 binc
910 2145 1244 2225 religionem
1273 2146 1472 2206 nescio
1499 2164 1677 2225 quam
1700 2165 1886 2218 suam,
1913 2166 2033 2224 qua
2059 2166 2121 2206 se
2150 2144 2415 2224 navigare
2442 2144 2803 2223 prohibitum

591 2243 906 2303 asserebat.
990 2244 1192 2303 Caesar
1218 2244 1319 2322 qui
1349 2259 1465 2302 uon
1494 2243 1687 2303 minus
1716 2243 1973 2304 animum
2020 2262 2197 2323 quam
2256 2243 2484 2304 vultum
2512 2241 2806 2321 loquentis

592 2338 901 2418 aspiceret,
941 2340 1283 2420 petitionem
1326 2340 1602 2416 injustam
1644 2340 2106 2400 constantissime
2147 2339 2387 2418 repulit.
2469 2339 2574 2399 llle
2623 2338 2807 2418 indig-

594 2453 739 2496 nans
779 2437 1026 2498 circuire
1080 2437 1392 2519 principes,
1445 2456 1517 2497 ac
1575 2445 1809 2506 terrere,
1854 2446 1914 2497 et
1961 2456 2036 2496 ne
2079 2455 2200 2517 qua
2247 2436 2474 2496 ratione
2517 2435 2806 2496 Caesarem

594 2545 978 2613 sequerentur
1014 2530 1291 2595 ⁶⁹hortari
1330 2533 1486 2593 enim
1526 2540 1546 2568 ⁴
1577 2532 1798 2594 callido
1835 2534 2075 2594 consilio
2104 2533 2163 2593 id
2192 2530 2305 2613 agi,
2337 2543 2402 2594 ut
2450 2533 2646 2594 Gallia
2688 2533 2804 2594 suis

595 2630 961 2712 principibus
988 2633 1236 2713 spoliata
1272 2629 1501 2691 facilius
1534 2630 1753 2711 jugum
1799 2630 2086 2692 Romame
2133 2629 2804 2710 servitutis.exciperet;

596 2728 814 2790 ducere
835 2730 966 2791 illos
995 2751 1195 2792 secum
1224 2729 1396 2801 velle,
1421 2747 1540 2788 non
1569 2727 1731 2808 quod
1754 2726 1867 2787 illis
1892 2737 2101 2808 egeatg
2144 2727 2247 2788 sed
2280 2735 2347 2788 ut
2372 2727 2534 2806 quod
2565 2727 2625 2788 in
2654 2728 2799 2789 Gal·

593 2825 686 2887 liis
715 2836 835 2888 non
871 2826 1141 2898 auderet:
1185 2836 1347 2889 trans
1391 2845 1549 2886 mare
1592 2825 1883 2886 deductos
1919 2823 2277 2885 interficiat!
2341 2826 2669 2885 Movebaut
2705 2826 2798 2885 has

596 2942 774 2984 voces
813 2924 1177 3003 infirmorum
1221 2923 1475 2984 animos:
1525 2922 1608 2982 ita
1660 2930 1729 2983 ut
1780 2921 2012 3001 aliquos
2054 2921 2397 3000 juramento
2438 2921 2805 3002 astringeret,

600 3039 733 3100 quae
754 3022 1052 3081 communi
1078 3021 1287 3102 patriae
1315 3020 1478 3080 utilia
1502 3028 1719 3091 essent,
1751 3028 1818 3079 ut
1842 3019 2143 3079 communi
2168 3019 2411 3080 consilio
2440 3030 2771 3099 gererentur
2787 3038 2809 3080 z

599 3136 789 3197 neque
818 3116 876 3178 in
902 3119 1171 3178 omnibus
1202 3120 1602 3178 Romanorum
1631 3116 1872 3194 imperio
1900 3125 1968 3176 ut
1987 3118 2249 3177 Deorum
2276 3126 2591 3196 pareretur.
2643 3104 2809 3179 'Nihil

597 3214 807 3277 borum
849 3216 1141 3276 Caesarem
1169 3214 1411 3274 latebat.
1477 3215 1697 3274 Verum
1738 3213 1889 3274 adeo
1931 3214 2292 3275 Divitiacum
2313 3213 2690 3292 ⁷0diligebat3
2742 3222 2809 3276 ut

598 3310 663 3372 in
689 3312 846 3372 illius
873 3311 1052 3374 fratre
1079 3322 1254 3392 atque
1295 3312 1531 3372 illorum
1579 3311 1728 3383 cive,
1778 3331 1897 3371 non
1922 3311 2216 3389 justitiam
2273 3312 2378 3373 sed
2434 3311 2808 3374 clementiam

600 3420 901 3472 exerceret
937 3431 1129 3490 neque
1178 3409 1510 3489 suppliciis:
1559 3408 1663 3468 sed
1692 3429 1849 3470 nunc
1888 3410 2077 3483 minis,
2126 3429 2286 3470 nunc
2322 3409 2619 3470 blanditiis
2664 3409 2815 3473 nite-

600 3516 763 3571 retur
788 3507 949 3568 illum
975 3507 1052 3568 ab
1082 3506 1441 3588 iniquissima
1469 3507 1789 3568 intentione
1837 3509 2149 3569 retrahere.
2170 3508 2299 3589 [83]
2343 3506 2414 3567 Id
2439 3526 2576 3568 cum
2595 3506 2817 3570 frustra

604 3710 747 3761 nota
772 3711 1002 3763 esseutt
1047 3703 1294 3783 proinde
1341 3721 1481 3762 cum
1516 3704 1653 3781 jam
1681 3720 1867 3783 prope
1916 3722 2169 3764 mensem
2213 3702 2399 3764 ventis
2445 3702 2813 3782 navigatione

605 3796 804 3871 dilata,
862 3800 1061 3860 votiva
1113 3800 1350 3861 demum
1404 3799 1798 3879 tranquillitas
1852 3800 2207 3870 affulsisset:
2269 3799 2593 3860 exercitum
2635 3820 2810 3861 naves

604 3895 994 3957 conscendere
1019 3899 1221 3959 Caesar
1246 3896 1593 3977 imperavit:
1646 3900 1961 3979 multisque
1988 3899 2340 3969 dolentibus,
2373 3918 2521 3957 unus
2549 3897 2812 3958 omnium

606 3993 935 4056 Dumnorix
962 3993 1267 4074 imperium
1299 3993 1630 4057 detractare
1657 4014 1836 4059 ausus
1876 4016 2014 4056 cum
2040 3995 2338 4075 equitibus
2381 3996 2586 4056 AEduis
2614 3994 2815 4055 ⁷'clas-

670 4148 734 4197 6⁶
744 4146 917 4213 Jaege,
935 4149 1320 4202 wiredum—66
1342 4152 1504 4219 Lege‘,
1525 4152 2001 4204 arbitrabatur-47
2036 4151 2199 4216 Lege,
2212 4150 2466 4201 οισι-68
2487 4151 2589 4201 Per
2606 4148 2815 4199 videtur

608 4222 1217 4375 ΰεΙῚοιιιὲιὲμῗοῶιεςο,
1234 4234 1420 4286 ᾗσι-ειη·
1430 4250 1451 4296 ,-
1463 4235 1636 4287 callido
1653 4233 1928 4289 enim—70
1947 4232 2172 4283 Videtur
2191 4231 2509 4298 addendum,
2527 4232 2811 4295 Eamque.

607 4329 676 4346 -ι
873 4322 923 4375 0,
2779 4316 2788 4325 ⁹

1588 4438 1610 4484 l.
