3117 5025
879 401 979 450 nn
1024 400 1206 450 vrrs
1251 400 1455 451 sumi
1501 399 1855 451 caessms.
2289 381 2466 455 1743

252 557 319 609 ut
366 546 645 622 diximus,
673 548 1041 629 pmmissum
1095 558 1157 611 et
1208 551 1523 611 commissa
1574 550 1750 612 edere
1788 551 2164 631 incipientem
2218 554 2466 615 vincnfis

252 647 682 707 astrinxerunn
730 667 886 706 nunc
915 648 1172 707 solutum
1207 648 1582 720 remittentes,
1609 650 1804 708 violati
1846 651 2085 729 culpam
2116 649 2172 708 in
2203 651 2466 712 multitu-

255 743 454 805 dinem
496 744 871 815 reflexerunt,
919 753 982 805 et
1026 747 1204 806 errori
1252 746 1497 825 publico
1546 746 1773 806 veniam
1815 747 2126 826 petierunt.
2227 749 2461 818 Quibus

256 844 458 905 Caesar
509 843 724 902 acriter
767 841 1084 922 increpitis,
1154 844 1317 923 quod
1364 864 1511 925 pace
1567 865 1670 923 per
1723 846 1945 925 legatos
2001 847 2151 907 ultro
2205 848 2465 928 expetita

254 951 319 1002 et
361 941 624 1014 obtenta,
678 939 899 1001 bellum
940 940 1287 1014 intulissent,
1328 945 1566 1004 hostilia
1603 946 1660 1003 in
1702 946 1918 1004 amicos
1944 945 2089 1018 ausi,
2121 949 2345 1008 veniam
2373 959 2461 1009 ta·

256 1057 393 1100 men
441 1038 808 1118 supplicibus
856 1027 973 1099 non
1022 1042 1274 1118 negavit,
1305 1062 1483 1121 quiam
1511 1061 1722 1119 negare
1755 1061 1867 1102 nec
1895 1052 2137 1103 noverat
2175 1064 2286 1105 nec
2318 1046 2468 1106 sole·

258 1135 401 1197 bat:
446 1136 661 1216 partim
707 1135 860 1197 datis
900 1138 1108 1218 furtim
1144 1138 1444 1218 promissis
1489 1137 1792 1198 obsidibus
1835 1157 1950 1218 pax
1994 1151 2286 1201 conventa
2331 1155 2463 1207 est:

254 1233 558 1314 principes
605 1236 1017 1296 Britannorum
1066 1236 1265 1298 turbas
1310 1237 1385 1297 ad
1428 1237 1846 1316 agriculturam
1885 1238 2097 1297 reverti
2137 1238 2463 1315 jusserunt,

255 1331 366 1409 ipsi
394 1352 579 1410 seque
607 1352 860 1413 suasque
890 1335 1063 1394 urbes
1092 1337 1347 1396 ”caesar
1372 1336 1665 1396 insinuare
1693 1335 1855 1394 omni
1881 1334 2074 1395 studio
2115 1345 2467 1416 satagentes.

248 1427 641 1490 Paulomiuus
670 1429 960 1491 festinatio
991 1452 1169 1492 unum
1198 1433 1341 1492 mihi
1382 1434 1569 1493 virum
1598 1432 1859 1504 abstulit,
1883 1452 2061 1511 quem
2097 1434 2155 1493 iu
2206 1435 2465 1496 medium

255 1526 443 1586 virtus
470 1526 601 1603 ejus
628 1537 690 1587 et
716 1527 877 1588 fama
922 1530 1259 1614 restituent:
1312 1532 1361 1592 is
1389 1542 1480 1593 est
1510 1533 1753 1592 Marcus
1782 1531 2008 1591 Caesius
2035 1529 2274 1592 ²⁶Scena
2305 1533 2465 1594 miles

258 1623 533 1694 Caesaris,
595 1625 696 1705 qui
750 1628 862 1686 boc
908 1627 1055 1705 ipso,
1106 1647 1280 1706 quem
1323 1630 1728 1708 praemisimus,
1780 1628 1854 1688 ad
1900 1628 2141 1689 insulam
2185 1629 2465 1708 appulsu,

257 1721 575 1799 scopulum
622 1722 803 1783 littori
830 1725 1157 1802 proximum
1200 1726 1439 1804 plenum
1469 1726 1659 1786 turbis
1707 1725 1962 1785 hostium
2001 1737 2284 1785 contuens
2327 1745 2467 1786 cum

257 1828 522 1897 quatuor
562 1828 789 1891 tantum
817 1821 1373 1902 ²⁷commilitonique
1401 1822 1657 1883 cimbam
1705 1841 1778 1881 eo
1813 1831 2199 1890 transvectus,
2241 1821 2470 1900 egregia

256 1915 561 1994 paucitate
619 1915 983 1977 barbaricam
1014 1918 1453 1980 multitudinem
1493 1929 1584 1979 est
1626 1937 1964 1996 aggressus:
2010 1937 2269 1995 cumque
2315 1918 2469 1978 inter

255 2013 668 2091 pugnandum,
695 2024 869 2075 aestus
898 2016 1157 2095 aequorei
1184 2015 1428 2088 refluxu,
1458 2014 1828 2076 interstitium
1872 2013 2014 2074 illud
2058 2014 2220 2092 quod
2260 2034 2476 2094 scopu-

257 2109 383 2171 lum
438 2110 521 2171 ab
560 2112 751 2172 insula
793 2112 1104 2174 dirimebat
1137 2114 1307 2193 aquis
1333 2114 1731 2173 ”exornatum
1776 2111 2078 2173 transitum
2133 2131 2252 2170 non
2302 2132 2472 2192 nega-

260 2219 345 2268 ret
360 2231 378 2278 ;
394 2208 532 2288 [76]
543 2218 725 2288 atque
745 2209 881 2270 ideo
902 2211 1281 2272 barbarorum
1304 2212 1504 2291 iugens
1525 2213 1696 2292 copia
1718 2211 1836 2271 suis
1864 2209 2082 2270 auxilio
2107 2210 2180 2268 ad
2190 2210 2437 2270 venisset
2449 2233 2468 2283 ς

259 2306 510 2368 ²⁹reluns
541 2319 794 2385 quatuor
827 2308 995 2388 justo
1037 2329 1256 2388 pavore
1279 2310 1616 2389 perterritis,
1647 2318 1706 2369 et
1746 2308 2015 2385 abjectis,
2040 2306 2127 2367 vel
2150 2307 2335 2366 oranti
2357 2306 2475 2367 for-

255 2403 405 2466 sitan
435 2406 606 2465 socio
630 2406 881 2466 dimissis
927 2407 1084 2486 pilis,
1112 2408 1271 2466 solus
1303 2409 1548 2467 ³0scena
1572 2415 1772 2466 contra
1807 2406 2065 2464 hostium
2087 2404 2275 2463 aciem
2306 2406 2473 2465 stetit

259 2501 600 2575 immobilis,
629 2515 691 2564 et
717 2525 822 2564 sua
846 2513 906 2565 et
933 2506 1211 2566 comitum
1239 2524 1389 2565 unus
1419 2505 1681 2585 quinque
1705 2503 1950 2564 militum
1979 2502 2098 2583 pila
2125 2503 2181 2562 in
2214 2502 2473 2562 hostium

262 2602 554 2671 membra,
586 2602 749 2660 nullo
790 2601 847 2660 in
877 2622 1108 2662 cassum
1151 2612 1329 2662 eunte
1374 2602 1699 2682 jaculatus,
1741 2601 1980 2661 tandem
2019 2599 2294 2660 omnibus
2333 2599 2475 2660 ”as-

261 2708 554 2778 sumptus,
584 2702 789 2759 stricto
830 2699 1038 2759 obvios
1068 2719 1370 2771 mucrone,
1404 2718 1882 2779 unumquemque
1912 2707 1976 2758 ut
2015 2716 2079 2757 se
2116 2697 2336 2775 primus
2364 2697 2475 2756 ob-

263 2798 513 2868 tulerat:
560 2817 718 2856 nunc
766 2808 936 2858 scuto
987 2816 1138 2857 nunc
1193 2797 1390 2876 gladio
1430 2797 1726 2875 excipiens
1778 2816 1850 2855 ac
1903 2806 2309 2875 prosternens:
2370 2794 2474 2854 diu

266 2894 503 2975 utrique
531 2894 785 2973 partium
811 2894 1155 2955 admirabile
1183 2896 1438 2975 praebuit
1474 2894 1902 2973 spectaculum:
1945 2901 2005 2953 et
2033 2901 2123 2953 tot
2152 2892 2373 2951 milium
2415 2891 2474 2952 in

263 2989 459 3052 littore
488 2990 892 3051 dimicantium
920 2991 995 3051 ad
1037 3012 1099 3051 se
1130 3012 1308 3051 unum
1339 2991 1686 3053 intuendum
1736 2990 1939 3051 oculos
1973 2999 2150 3069 atque
2194 3008 2297 3048 ora
2332 3007 2475 3048 con·

264 3088 465 3149 vertit.
551 3088 703 3147 Cum
721 3087 850 3165 jam
879 3087 1152 3165 denique,
1181 3108 1295 3148 non
1325 3099 1389 3148 ut
1411 3089 1471 3148 iu
1498 3096 1788 3148 armatum
1818 3086 2025 3157 virum,
2054 3085 2156 3145 sed
2190 3094 2252 3145 ut
2273 3084 2477 3144 turrim

266 3186 551 3245 munitam
577 3185 770 3245 omnis
796 3184 977 3256 nisus,
1022 3185 1125 3256 irs,
1152 3184 1465 3265 pudorque
1495 3185 1750 3245 hostium
1782 3184 1838 3243 in
1867 3183 2118 3243 furorem
2149 3202 2346 3242 versus
2388 3181 2479 3241 iu-

268 3283 610 3353 cumberet3
649 3284 902 3361 jamque
942 3280 1132 3340 femur
1160 3282 1376 3359 ingenti
1416 3281 1728 3342 transfixus
1758 3280 1877 3342 telo
1905 3289 1965 3340 et
1994 3279 2297 3338 ”multum
2335 3298 2479 3339 saxo

269 3399 597 3440 concussus
626 3379 821 3458 grari3
865 3379 1176 3458 clipeoque
1204 3388 1264 3438 et
1291 3378 1457 3457 galea
1498 3379 1724 3438 ictuum
1755 3377 1813 3435 vi
1850 3375 2139 3454 disjectis,
2170 3375 2368 3453 gladio
2395 3374 2472 3435 ad

270 3488 596 3537 extremum
627 3476 835 3547 fracto,
866 3476 1114 3555 pilisque
1147 3486 1213 3536 ut
1250 3485 1343 3536 est
1378 3475 1608 3536 dictum
1646 3475 1917 3534 omnibus
1951 3494 2069 3533 non
2095 3472 2350 3552 perditis,
2378 3473 2480 3534 sed

270 3574 551 3654 impensis
577 3574 829 3651 egregie,
858 3593 1006 3652 pene
1040 3574 1169 3652 jam
1205 3584 1556 3645 exarmatus,
1588 3583 1784 3633 tamen
1813 3572 1991 3632 lorica
2020 3572 2210 3649 gravis
2237 3570 2479 3650 duplici,

272 3691 333 3732 se
380 3672 438 3731 in
485 3675 698 3740 undaS,
749 3689 853 3728 sua
893 3688 1074 3748 opera
1122 3669 1375 3729 bostium
1423 3670 1695 3749 sauguine
1746 3668 2102 3728 rubicundas
2147 3668 2377 3744 injecit,
2405 3685 2479 3727 ac

270 3786 539 3829 reversus
592 3768 668 3827 ad
723 3786 878 3839 suos,
930 3768 1085 3826 unde
1132 3766 1377 3845 gloriam
1436 3766 1785 3837 merebatur,
1833 3765 2058 3824 veniam
2117 3763 2477 3842 postulavit:

271 3885 480 3945 nempe
523 3885 662 3923 cum
707 3865 997 3923 Caesarem
1020 3862 1453 3943 conspexisset:
1485 3870 1502 3895 ‘
1528 3862 1728 3932 Parce,
1760 3861 1997 3939 (inquit)
2018 3862 2238 3940 optime
2297 3861 2481 3939 impe-

273 3972 447 4034 ntor,
469 3979 635 4021 arma
665 3959 897 4040 perdidi
912 3965 946 4020 :’
975 3963 1091 4020 ³³et
1132 3961 1232 4019 ille
1278 3980 1537 4019 summus
1568 3961 1880 4019 extimator
1925 3957 2279 4030 meritorum,
2310 3958 2481 4038 cujus

338 4113 401 4160 25
446 4110 615 4174 Iege,
646 4109 847 4158 Coesari.
859 4112 978 4157 -20
1027 4108 1184 4172 Lege,
1233 4105 1545 4156 Sceuae-2⁷
1584 4106 1742 4171 Lege,
1781 4103 2165 4154 mma-imaum
2199 4105 2485 4157 cimbam—-

275 4192 342 4239 28
373 4191 554 4255 Forte,
592 4192 1048 4239 amdam—2⁹
1074 4189 1231 4252 Lege,
1262 4188 1606 4252 reliquia—80
1638 4188 1792 4251 Lege,
1823 4186 2132 4237 seem—81
2169 4187 2349 4254 Forte,
2379 4203 2487 4238 ecn-

274 4272 503 4337 ωμίις
520 4272 626 4337 vel,
643 4271 1048 4336 chemmin—32
1083 4270 1244 4335 Puto,
1262 4270 1443 4320 uuum
1461 4282 1579 4318 sm
1600 4270 1963 4319 contusam—sa
1998 4267 2176 4332 Forte,
2196 4272 2266 4318 ct.
