<?xml version="1.0" encoding="UTF-8"?>
<!DOCTYPE html PUBLIC "-//W3C//DTD XHTML 1.0 Transitional//EN"
    "http://www.w3.org/TR/xhtml1/DTD/xhtml1-transitional.dtd">
<html xmlns="http://www.w3.org/1999/xhtml" xml:lang="en" lang="en">
 <head>
  <title>
</title>
<meta http-equiv="Content-Type" content="text/html;charset=utf-8" />
  <meta name='ocr-system' content='tesseract 3.04.00' />
  <meta name='ocr-capabilities' content='ocr_page ocr_carea ocr_par ocr_line ocrx_word'/>
</head>
<body>
  <div class='ocr_page' id='page_1' title='image "./cjuliicaesariso00caesgoog/cjuliicaesariso00caesgoog_0038.png"; bbox 0 0 3117 5025; ppageno 0'>
   <div class='ocr_carea' id='block_1_1' title="bbox 559 389 2116 470">
    <p class='ocr_par' dir='ltr' id='par_1_1' title="bbox 559 389 2116 470">
     <span class='ocr_line' id='line_1_1' title="bbox 559 389 2116 470; baseline -0.004 -5"><span class='ocrx_word' id='word_1_1' title='bbox 559 389 735 470; x_wconf 67' lang='lat' dir='ltr'><strong>Im</strong></span> <span class='ocrx_word' id='word_1_2' title='bbox 1211 411 1272 463; x_wconf 77' lang='lat' dir='ltr'><strong>s.</strong></span> <span class='ocrx_word' id='word_1_3' title='bbox 1318 407 1532 461; x_wconf 61' lang='lat' dir='ltr'><strong>caess</strong></span> <span class='ocrx_word' id='word_1_4' title='bbox 1577 397 2116 460; x_wconf 61' lang='lat' dir='ltr'><strong>comani-Anu</strong></span> 
     </span>
    </p>
   </div>
   <div class='ocr_carea' id='block_1_2' title="bbox 559 557 2808 1914">
    <p class='ocr_par' dir='ltr' id='par_1_2' title="bbox 559 557 2808 1914">
     <span class='ocr_line' id='line_1_2' title="bbox 561 557 2772 644; baseline -0.001 -16"><span class='ocrx_word' id='word_1_5' title='bbox 561 561 933 632; x_wconf 60' lang='lat' dir='ltr'><strong>hirudinem</strong></span> <span class='ocrx_word' id='word_1_6' title='bbox 960 570 1157 625; x_wconf 86' lang='lat' dir='ltr'><strong>mente</strong></span> <span class='ocrx_word' id='word_1_7' title='bbox 1179 572 1592 644; x_wconf 83' lang='lat' dir='ltr'><strong>conceperant,</strong></span> <span class='ocrx_word' id='word_1_8' title='bbox 1618 561 1922 644; x_wconf 68' lang='lat' dir='ltr'><strong>territique</strong></span> <span class='ocrx_word' id='word_1_9' title='bbox 1948 562 2091 623; x_wconf 87' lang='lat' dir='ltr'><strong>alios</strong></span> <span class='ocrx_word' id='word_1_10' title='bbox 2115 557 2437 626; x_wconf 83' lang='lat' dir='ltr'><strong>terrebant.</strong></span> <span class='ocrx_word' id='word_1_11' title='bbox 2516 562 2772 644; x_wconf 74' lang='lat' dir='ltr'><strong>Jamque</strong></span> 
     </span>
     <span class='ocr_line' id='line_1_3' title="bbox 559 659 2773 743; baseline -0 -18"><span class='ocrx_word' id='word_1_12' title='bbox 559 664 723 725; x_wconf 75' lang='lat' dir='ltr'><strong>velut</strong></span> <span class='ocrx_word' id='word_1_13' title='bbox 765 662 1118 743; x_wconf 77' lang='lat' dir='ltr'><strong>contagione</strong></span> <span class='ocrx_word' id='word_1_14' title='bbox 1166 662 1418 742; x_wconf 82' lang='lat' dir='ltr'><strong>quadam</strong></span> <span class='ocrx_word' id='word_1_15' title='bbox 1467 662 1612 723; x_wconf 87' lang='lat' dir='ltr'><strong>totis</strong></span> <span class='ocrx_word' id='word_1_16' title='bbox 1659 661 1864 724; x_wconf 85' lang='lat' dir='ltr'><strong>castris</strong></span> <span class='ocrx_word' id='word_1_17' title='bbox 1906 660 2091 721; x_wconf 82' lang='lat' dir='ltr'><strong>effuso</strong></span> <span class='ocrx_word' id='word_1_18' title='bbox 2133 668 2317 732; x_wconf 88' lang='lat' dir='ltr'><strong>metu,</strong></span> <span class='ocrx_word' id='word_1_19' title='bbox 2344 659 2444 719; x_wconf 88' lang='lat' dir='ltr'><strong>alii</strong></span> <span class='ocrx_word' id='word_1_20' title='bbox 2489 660 2773 724; x_wconf 81' lang='lat' dir='ltr'><strong>simulatis</strong></span> 
     </span>
     <span class='ocr_line' id='line_1_4' title="bbox 564 756 2775 843; baseline -0.002 -21"><span class='ocrx_word' id='word_1_21' title='bbox 564 760 755 822; x_wconf 66' lang='lat' dir='ltr'><strong>musis</strong></span> <span class='ocrx_word' id='word_1_22' title='bbox 794 758 1139 820; x_wconf 71' lang='lat' dir='ltr'><strong>necessari-e</strong></span> <span class='ocrx_word' id='word_1_23' title='bbox 1178 757 1556 838; x_wconf 75' lang='lat' dir='ltr'><strong>profectionis</strong></span> <span class='ocrx_word' id='word_1_24' title='bbox 1597 759 1937 820; x_wconf 76' lang='lat' dir='ltr'><strong>missionem</strong></span> <span class='ocrx_word' id='word_1_25' title='bbox 1978 756 2340 838; x_wconf 83' lang='lat' dir='ltr'><strong>flagitabant,</strong></span> <span class='ocrx_word' id='word_1_26' title='bbox 2384 756 2532 818; x_wconf 83' lang='lat' dir='ltr'><strong>alios</strong></span> <span class='ocrx_word' id='word_1_27' title='bbox 2579 758 2775 843; x_wconf 68' lang='lat' dir='ltr'><strong>pudor</strong></span> 
     </span>
     <span class='ocr_line' id='line_1_5' title="bbox 564 841 2808 945; baseline -0.001 -26"><span class='ocrx_word' id='word_1_28' title='bbox 564 858 727 919; x_wconf 85' lang='lat' dir='ltr'><strong>solus</strong></span> <span class='ocrx_word' id='word_1_29' title='bbox 773 858 1132 930; x_wconf 81' lang='lat' dir='ltr'><strong>continebat,</strong></span> <span class='ocrx_word' id='word_1_30' title='bbox 1162 856 1264 918; x_wconf 89' lang='lat' dir='ltr'><strong>sed</strong></span> <span class='ocrx_word' id='word_1_31' title='bbox 1306 857 1540 919; x_wconf 74' lang='lat' dir='ltr'><strong>tristitia</strong></span> <span class='ocrx_word' id='word_1_32' title='bbox 1587 857 1704 918; x_wconf 85' lang='lat' dir='ltr'><strong>oris</strong></span> <span class='ocrx_word' id='word_1_33' title='bbox 1752 869 1812 917; x_wconf 87' lang='lat' dir='ltr'><strong>et</strong></span> <span class='ocrx_word' id='word_1_34' title='bbox 1858 856 2150 918; x_wconf 83' lang='lat' dir='ltr'><strong>interdum</strong></span> <span class='ocrx_word' id='word_1_35' title='bbox 2198 855 2509 936; x_wconf 77' lang='lat' dir='ltr'><strong>lachrymis</strong></span> <span class='ocrx_word' id='word_1_36' title='bbox 2553 841 2808 945; x_wconf 68' lang='lat' dir='ltr'><strong>metatu,</strong></span> 
     </span>
     <span class='ocr_line' id='line_1_6' title="bbox 563 953 2772 1036; baseline -0.002 -19"><span class='ocrx_word' id='word_1_37' title='bbox 563 956 1097 1036; x_wconf 68' lang='lat' dir='ltr'><strong>²‹soncordiamque</strong></span> <span class='ocrx_word' id='word_1_38' title='bbox 1116 956 1501 1018; x_wconf 83' lang='lat' dir='ltr'><strong>testantibus:</strong></span> <span class='ocrx_word' id='word_1_39' title='bbox 1533 964 1598 1016; x_wconf 90' lang='lat' dir='ltr'><strong>et</strong></span> <span class='ocrx_word' id='word_1_40' title='bbox 1612 957 1743 1034; x_wconf 87' lang='lat' dir='ltr'><strong>jam</strong></span> <span class='ocrx_word' id='word_1_41' title='bbox 1771 955 1930 1034; x_wconf 82' lang='lat' dir='ltr'><strong>vulgi</strong></span> <span class='ocrx_word' id='word_1_42' title='bbox 1947 953 2263 1033; x_wconf 77' lang='lat' dir='ltr'><strong>trepidatio</strong></span> <span class='ocrx_word' id='word_1_43' title='bbox 2282 955 2361 1016; x_wconf 92' lang='lat' dir='ltr'><strong>ab</strong></span> <span class='ocrx_word' id='word_1_44' title='bbox 2390 953 2772 1015; x_wconf 82' lang='lat' dir='ltr'><strong>³inbabitibus</strong></span> 
     </span>
     <span class='ocr_line' id='line_1_7' title="bbox 561 1051 2774 1135; baseline -0.003 -17"><span class='ocrx_word' id='word_1_45' title='bbox 561 1055 639 1118; x_wconf 82' lang='lat' dir='ltr'><strong>ad</strong></span> <span class='ocrx_word' id='word_1_46' title='bbox 662 1055 931 1135; x_wconf 74' lang='lat' dir='ltr'><strong>egregios</strong></span> <span class='ocrx_word' id='word_1_47' title='bbox 959 1054 1114 1114; x_wconf 83' lang='lat' dir='ltr'><strong>viros</strong></span> <span class='ocrx_word' id='word_1_48' title='bbox 1143 1073 1380 1134; x_wconf 84' lang='lat' dir='ltr'><strong>serpens</strong></span> <span class='ocrx_word' id='word_1_49' title='bbox 1407 1055 1815 1116; x_wconf 68' lang='lat' dir='ltr'><strong>centurionum</strong></span> <span class='ocrx_word' id='word_1_50' title='bbox 1857 1074 2092 1133; x_wconf 78' lang='lat' dir='ltr'><strong>quoque</strong></span> <span class='ocrx_word' id='word_1_51' title='bbox 2138 1062 2200 1114; x_wconf 89' lang='lat' dir='ltr'><strong>et</strong></span> <span class='ocrx_word' id='word_1_52' title='bbox 2246 1052 2485 1113; x_wconf 84' lang='lat' dir='ltr'><strong>militum</strong></span> <span class='ocrx_word' id='word_1_53' title='bbox 2523 1051 2774 1112; x_wconf 85' lang='lat' dir='ltr'><strong>fortissi-</strong></span> 
     </span>
     <span class='ocr_line' id='line_1_8' title="bbox 565 1149 2774 1233; baseline -0.002 -19"><span class='ocrx_word' id='word_1_54' title='bbox 565 1169 696 1214; x_wconf 75' lang='lat' dir='ltr'><strong>mos</strong></span> <span class='ocrx_word' id='word_1_55' title='bbox 718 1152 946 1213; x_wconf 79' lang='lat' dir='ltr'><strong>animos</strong></span> <span class='ocrx_word' id='word_1_56' title='bbox 971 1153 1273 1233; x_wconf 71' lang='lat' dir='ltr'><strong>attigerat:</strong></span> <span class='ocrx_word' id='word_1_57' title='bbox 1303 1162 1363 1214; x_wconf 90' lang='lat' dir='ltr'><strong>et</strong></span> <span class='ocrx_word' id='word_1_58' title='bbox 1391 1174 1540 1232; x_wconf 88' lang='lat' dir='ltr'><strong>quos</strong></span> <span class='ocrx_word' id='word_1_59' title='bbox 1570 1153 1739 1215; x_wconf 82' lang='lat' dir='ltr'><strong>fateri</strong></span> <span class='ocrx_word' id='word_1_60' title='bbox 1763 1165 1980 1214; x_wconf 89' lang='lat' dir='ltr'><strong>metum</strong></span> <span class='ocrx_word' id='word_1_61' title='bbox 2001 1150 2358 1212; x_wconf 83' lang='lat' dir='ltr'><strong>verecundia</strong></span> <span class='ocrx_word' id='word_1_62' title='bbox 2386 1167 2504 1210; x_wconf 88' lang='lat' dir='ltr'><strong>non</strong></span> <span class='ocrx_word' id='word_1_63' title='bbox 2527 1149 2774 1221; x_wconf 84' lang='lat' dir='ltr'><strong>sinebat,</strong></span> 
     </span>
     <span class='ocr_line' id='line_1_9' title="bbox 561 1250 2775 1332; baseline -0.002 -20"><span class='ocrx_word' id='word_1_64' title='bbox 561 1261 682 1312; x_wconf 69' lang='lat' dir='ltr'><strong>non</strong></span> <span class='ocrx_word' id='word_1_65' title='bbox 710 1269 772 1311; x_wconf 86' lang='lat' dir='ltr'><strong>se</strong></span> <span class='ocrx_word' id='word_1_66' title='bbox 802 1251 1032 1311; x_wconf 80' lang='lat' dir='ltr'><strong>bostem</strong></span> <span class='ocrx_word' id='word_1_67' title='bbox 1061 1250 1392 1324; x_wconf 82' lang='lat' dir='ltr'><strong>formidare,</strong></span> <span class='ocrx_word' id='word_1_68' title='bbox 1434 1253 1539 1313; x_wconf 85' lang='lat' dir='ltr'><strong>sed</strong></span> <span class='ocrx_word' id='word_1_69' title='bbox 1581 1251 1874 1332; x_wconf 88' lang='lat' dir='ltr'><strong>angustias</strong></span> <span class='ocrx_word' id='word_1_70' title='bbox 1919 1251 2270 1311; x_wconf 79' lang='lat' dir='ltr'><strong>silvestrium</strong></span> <span class='ocrx_word' id='word_1_71' title='bbox 2319 1250 2602 1321; x_wconf 89' lang='lat' dir='ltr'><strong>locorum,</strong></span> <span class='ocrx_word' id='word_1_72' title='bbox 2645 1259 2775 1327; x_wconf 80' lang='lat' dir='ltr'><strong>‘per-</strong></span> 
     </span>
     <span class='ocr_line' id='line_1_10' title="bbox 566 1341 2776 1428; baseline -0.001 -20"><span class='ocrx_word' id='word_1_73' title='bbox 566 1348 927 1428; x_wconf 67' lang='lat' dir='ltr'><strong>plexumque</strong></span> <span class='ocrx_word' id='word_1_74' title='bbox 977 1341 1177 1409; x_wconf 80' lang='lat' dir='ltr'><strong>durius</strong></span> <span class='ocrx_word' id='word_1_75' title='bbox 1220 1350 1348 1422; x_wconf 84' lang='lat' dir='ltr'><strong>iter,</strong></span> <span class='ocrx_word' id='word_1_76' title='bbox 1397 1359 1457 1410; x_wconf 89' lang='lat' dir='ltr'><strong>et</strong></span> <span class='ocrx_word' id='word_1_77' title='bbox 1509 1349 1917 1411; x_wconf 86' lang='lat' dir='ltr'><strong>difficultatem</strong></span> <span class='ocrx_word' id='word_1_78' title='bbox 1973 1357 2426 1419; x_wconf 74' lang='lat' dir='ltr'><strong>commeatuum,</strong></span> <span class='ocrx_word' id='word_1_79' title='bbox 2482 1346 2776 1407; x_wconf 83' lang='lat' dir='ltr'><strong>dicebant.</strong></span> 
     </span>
     <span class='ocr_line' id='line_1_11' title="bbox 566 1444 2775 1526; baseline -0.002 -19"><span class='ocrx_word' id='word_1_80' title='bbox 566 1447 717 1507; x_wconf 65' lang='lat' dir='ltr'><strong>Haec</strong></span> <span class='ocrx_word' id='word_1_81' title='bbox 742 1446 817 1505; x_wconf 86' lang='lat' dir='ltr'><strong>ad</strong></span> <span class='ocrx_word' id='word_1_82' title='bbox 849 1446 1143 1506; x_wconf 70' lang='lat' dir='ltr'><strong>Caesarem</strong></span> <span class='ocrx_word' id='word_1_83' title='bbox 1175 1466 1311 1507; x_wconf 86' lang='lat' dir='ltr'><strong>cum</strong></span> <span class='ocrx_word' id='word_1_84' title='bbox 1340 1448 1519 1508; x_wconf 79' lang='lat' dir='ltr'><strong>relata</strong></span> <span class='ocrx_word' id='word_1_85' title='bbox 1544 1456 1763 1520; x_wconf 84' lang='lat' dir='ltr'><strong>essent,</strong></span> <span class='ocrx_word' id='word_1_86' title='bbox 1811 1465 1930 1508; x_wconf 89' lang='lat' dir='ltr'><strong>non</strong></span> <span class='ocrx_word' id='word_1_87' title='bbox 1976 1446 2211 1526; x_wconf 85' lang='lat' dir='ltr'><strong>ignarus</strong></span> <span class='ocrx_word' id='word_1_88' title='bbox 2250 1454 2534 1526; x_wconf 88' lang='lat' dir='ltr'><strong>quantum</strong></span> <span class='ocrx_word' id='word_1_89' title='bbox 2563 1444 2622 1504; x_wconf 87' lang='lat' dir='ltr'><strong>in</strong></span> <span class='ocrx_word' id='word_1_90' title='bbox 2650 1444 2775 1503; x_wconf 88' lang='lat' dir='ltr'><strong>ani·</strong></span> 
     </span>
     <span class='ocr_line' id='line_1_12' title="bbox 565 1541 2775 1624; baseline -0.001 -22"><span class='ocrx_word' id='word_1_91' title='bbox 565 1544 675 1603; x_wconf 75' lang='lat' dir='ltr'><strong>mis</strong></span> <span class='ocrx_word' id='word_1_92' title='bbox 708 1544 1006 1604; x_wconf 79' lang='lat' dir='ltr'><strong>bominum</strong></span> <span class='ocrx_word' id='word_1_93' title='bbox 1037 1542 1182 1603; x_wconf 85' lang='lat' dir='ltr'><strong>falsa</strong></span> <span class='ocrx_word' id='word_1_94' title='bbox 1210 1543 1385 1604; x_wconf 86' lang='lat' dir='ltr'><strong>etiam</strong></span> <span class='ocrx_word' id='word_1_95' title='bbox 1415 1545 1598 1623; x_wconf 83' lang='lat' dir='ltr'><strong>possit</strong></span> <span class='ocrx_word' id='word_1_96' title='bbox 1625 1545 1849 1624; x_wconf 87' lang='lat' dir='ltr'><strong>opinio,</strong></span> <span class='ocrx_word' id='word_1_97' title='bbox 1900 1544 2331 1624; x_wconf 86' lang='lat' dir='ltr'><strong>quamprimum</strong></span> <span class='ocrx_word' id='word_1_98' title='bbox 2374 1543 2481 1602; x_wconf 89' lang='lat' dir='ltr'><strong>bos</strong></span> <span class='ocrx_word' id='word_1_99' title='bbox 2529 1541 2775 1602; x_wconf 77' lang='lat' dir='ltr'><strong>terrores</strong></span> 
     </span>
     <span class='ocr_line' id='line_1_13' title="bbox 566 1639 2774 1722; baseline -0.001 -23"><span class='ocrx_word' id='word_1_100' title='bbox 566 1650 842 1700; x_wconf 72' lang='lat' dir='ltr'><strong>excutere</strong></span> <span class='ocrx_word' id='word_1_101' title='bbox 874 1640 1139 1712; x_wconf 74' lang='lat' dir='ltr'><strong>instituit,</strong></span> <span class='ocrx_word' id='word_1_102' title='bbox 1166 1641 1509 1720; x_wconf 81' lang='lat' dir='ltr'><strong>priusquam</strong></span> <span class='ocrx_word' id='word_1_103' title='bbox 1541 1643 1599 1701; x_wconf 91' lang='lat' dir='ltr'><strong>in</strong></span> <span class='ocrx_word' id='word_1_104' title='bbox 1621 1643 2155 1704; x_wconf 76' lang='lat' dir='ltr'><strong>&#39;consternationem</strong></span> <span class='ocrx_word' id='word_1_105' title='bbox 2187 1640 2521 1722; x_wconf 80' lang='lat' dir='ltr'><strong>pestiferam</strong></span> <span class='ocrx_word' id='word_1_106' title='bbox 2553 1639 2774 1699; x_wconf 86' lang='lat' dir='ltr'><strong>coales-</strong></span> 
     </span>
     <span class='ocr_line' id='line_1_14' title="bbox 567 1735 2777 1819; baseline -0 -22"><span class='ocrx_word' id='word_1_107' title='bbox 567 1747 735 1797; x_wconf 77' lang='lat' dir='ltr'><strong>cant:</strong></span> <span class='ocrx_word' id='word_1_108' title='bbox 785 1736 919 1816; x_wconf 76' lang='lat'><strong>[34]</strong></span> <span class='ocrx_word' id='word_1_109' title='bbox 966 1738 1382 1819; x_wconf 66' lang='lat' dir='ltr'><strong>praecipueque</strong></span> <span class='ocrx_word' id='word_1_110' title='bbox 1409 1737 1552 1799; x_wconf 86' lang='lat' dir='ltr'><strong>illud</strong></span> <span class='ocrx_word' id='word_1_111' title='bbox 1597 1740 1745 1801; x_wconf 86' lang='lat' dir='ltr'><strong>inter</strong></span> <span class='ocrx_word' id='word_1_112' title='bbox 1790 1749 1988 1801; x_wconf 87' lang='lat' dir='ltr'><strong>cetera</strong></span> <span class='ocrx_word' id='word_1_113' title='bbox 2034 1739 2358 1810; x_wconf 87' lang='lat' dir='ltr'><strong>ferebatur;</strong></span> <span class='ocrx_word' id='word_1_114' title='bbox 2403 1735 2777 1816; x_wconf 78' lang='lat' dir='ltr'><strong>obtorpuisse</strong></span> 
     </span>
     <span class='ocr_line' id='line_1_15' title="bbox 569 1832 2780 1914; baseline 0 -21"><span class='ocrx_word' id='word_1_115' title='bbox 569 1832 721 1893; x_wconf 81' lang='lat' dir='ltr'><strong>adeo</strong></span> <span class='ocrx_word' id='word_1_116' title='bbox 747 1853 954 1895; x_wconf 84' lang='lat' dir='ltr'><strong>omues</strong></span> <span class='ocrx_word' id='word_1_117' title='bbox 988 1842 1171 1907; x_wconf 84' lang='lat' dir='ltr'><strong>metu,</strong></span> <span class='ocrx_word' id='word_1_118' title='bbox 1205 1846 1271 1895; x_wconf 90' lang='lat' dir='ltr'><strong>ut</strong></span> <span class='ocrx_word' id='word_1_119' title='bbox 1297 1835 1340 1896; x_wconf 86' lang='lat' dir='ltr'><strong>si</strong></span> <span class='ocrx_word' id='word_1_120' title='bbox 1368 1835 1519 1897; x_wconf 85' lang='lat' dir='ltr'><strong>forte</strong></span> <span class='ocrx_word' id='word_1_121' title='bbox 1548 1837 1607 1899; x_wconf 92' lang='lat' dir='ltr'><strong>in</strong></span> <span class='ocrx_word' id='word_1_122' title='bbox 1637 1838 1822 1898; x_wconf 81' lang='lat' dir='ltr'><strong>aciem</strong></span> <span class='ocrx_word' id='word_1_123' title='bbox 1857 1839 1998 1898; x_wconf 72' lang='lat' dir='ltr'><strong>velit</strong></span> <span class='ocrx_word' id='word_1_124' title='bbox 2026 1838 2292 1909; x_wconf 78' lang='lat' dir='ltr'><strong>educere,</strong></span> <span class='ocrx_word' id='word_1_125' title='bbox 2323 1855 2513 1914; x_wconf 86' lang='lat' dir='ltr'><strong>neque</strong></span> <span class='ocrx_word' id='word_1_126' title='bbox 2541 1832 2780 1911; x_wconf 84' lang='lat' dir='ltr'><strong>signifer</strong></span> 
     </span>
    </p>
   </div>
   <div class='ocr_carea' id='block_1_3' title="bbox 569 1931 2779 2110">
    <p class='ocr_par' dir='ltr' id='par_1_3' title="bbox 569 1931 2779 2110">
     <span class='ocr_line' id='line_1_16' title="bbox 569 1931 2779 2028; baseline 0.004 -39"><span class='ocrx_word' id='word_1_127' title='bbox 569 1949 763 2009; x_wconf 75' lang='lat' dir='ltr'><strong>neque</strong></span> <span class='ocrx_word' id='word_1_128' title='bbox 789 1931 959 1991; x_wconf 81' lang='lat' dir='ltr'><strong>miles</strong></span> <span class='ocrx_word' id='word_1_129' title='bbox 988 1932 1227 2012; x_wconf 83' lang='lat' dir='ltr'><strong>imperia</strong></span> <span class='ocrx_word' id='word_1_130' title='bbox 1250 1942 1611 2013; x_wconf 71' lang='lat' dir='ltr'><strong>excepturus</strong></span> <span class='ocrx_word' id='word_1_131' title='bbox 1640 1936 1736 1995; x_wconf 89' lang='lat' dir='ltr'><strong>sit.</strong></span> <span class='ocrx_word' id='word_1_132' title='bbox 1796 1935 2153 1995; x_wconf 79' lang='lat' dir='ltr'><strong>Convocatis</strong></span> <span class='ocrx_word' id='word_1_133' title='bbox 2179 1956 2319 2014; x_wconf 87' lang='lat' dir='ltr'><strong>ergo</strong></span> <span class='ocrx_word' id='word_1_134' title='bbox 2339 1935 2416 1996; x_wconf 91' lang='lat' dir='ltr'><strong>ad</strong></span> <span class='ocrx_word' id='word_1_135' title='bbox 2437 1936 2779 2028; x_wconf 57' lang='lat' dir='ltr'><strong>concionem</strong></span> 
     </span>
     <span class='ocr_line' id='line_1_17' title="bbox 569 2029 2778 2110; baseline 0.002 -20"><span class='ocrx_word' id='word_1_136' title='bbox 569 2029 799 2100; x_wconf 79' lang='lat' dir='ltr'><strong>castris,</strong></span> <span class='ocrx_word' id='word_1_137' title='bbox 828 2029 1151 2088; x_wconf 83' lang='lat' dir='ltr'><strong>orationem</strong></span> <span class='ocrx_word' id='word_1_138' title='bbox 1204 2030 1409 2090; x_wconf 80' lang='lat' dir='ltr'><strong>habuit</strong></span> <span class='ocrx_word' id='word_1_139' title='bbox 1454 2031 1691 2110; x_wconf 86' lang='lat' dir='ltr'><strong>plenam</strong></span> <span class='ocrx_word' id='word_1_140' title='bbox 1721 2031 1992 2091; x_wconf 87' lang='lat' dir='ltr'><strong>animosis</strong></span> <span class='ocrx_word' id='word_1_141' title='bbox 2017 2032 2535 2105; x_wconf 80' lang='lat' dir='ltr'><strong>exhortationibus,</strong></span> <span class='ocrx_word' id='word_1_142' title='bbox 2564 2033 2778 2094; x_wconf 85' lang='lat' dir='ltr'><strong>acerri-</strong></span> 
     </span>
    </p>
   </div>
   <div class='ocr_carea' id='block_1_4' title="bbox 571 2126 2790 3285">
    <p class='ocr_par' dir='ltr' id='par_1_4' title="bbox 571 2126 2790 3285">
     <span class='ocr_line' id='line_1_18' title="bbox 571 2126 2779 2208; baseline 0.003 -23"><span class='ocrx_word' id='word_1_143' title='bbox 571 2126 800 2206; x_wconf 81' lang='lat' dir='ltr'><strong>misque</strong></span> <span class='ocrx_word' id='word_1_144' title='bbox 823 2127 1388 2206; x_wconf 78' lang='lat' dir='ltr'><strong>reprehensionibus.</strong></span> <span class='ocrx_word' id='word_1_145' title='bbox 1477 2136 1493 2161; x_wconf 90' lang='lat'>‘</span> <span class='ocrx_word' id='word_1_146' title='bbox 1514 2127 1696 2197; x_wconf 84' lang='lat' dir='ltr'><strong>Quod</strong></span> <span class='ocrx_word' id='word_1_147' title='bbox 1727 2129 2023 2188; x_wconf 82' lang='lat' dir='ltr'><strong>temerarie</strong></span> <span class='ocrx_word' id='word_1_148' title='bbox 2047 2147 2116 2188; x_wconf 91' lang='lat' dir='ltr'><strong>ac</strong></span> <span class='ocrx_word' id='word_1_149' title='bbox 2158 2129 2407 2208; x_wconf 83' lang='lat' dir='ltr'><strong>superbe</strong></span> <span class='ocrx_word' id='word_1_150' title='bbox 2437 2129 2688 2190; x_wconf 88' lang='lat' dir='ltr'><strong>consiliis</strong></span> <span class='ocrx_word' id='word_1_151' title='bbox 2717 2151 2779 2192; x_wconf 88' lang='lat' dir='ltr'><strong>se</strong></span> 
     </span>
     <span class='ocr_line' id='line_1_19' title="bbox 572 2207 2782 2305; baseline 0.002 -20"><span class='ocrx_word' id='word_1_152' title='bbox 572 2225 692 2285; x_wconf 81' lang='lat' dir='ltr'><strong>suis</strong></span> <span class='ocrx_word' id='word_1_153' title='bbox 742 2225 1101 2305; x_wconf 81' lang='lat' dir='ltr'><strong>ingererent:</strong></span> <span class='ocrx_word' id='word_1_154' title='bbox 1161 2243 1279 2285; x_wconf 88' lang='lat' dir='ltr'><strong>non</strong></span> <span class='ocrx_word' id='word_1_155' title='bbox 1335 2224 1486 2285; x_wconf 89' lang='lat' dir='ltr'><strong>enim</strong></span> <span class='ocrx_word' id='word_1_156' title='bbox 1543 2225 1792 2285; x_wconf 86' lang='lat' dir='ltr'><strong>militum</strong></span> <span class='ocrx_word' id='word_1_157' title='bbox 1845 2246 1972 2286; x_wconf 86' lang='lat' dir='ltr'><strong>esse</strong></span> <span class='ocrx_word' id='word_1_158' title='bbox 2028 2225 2130 2286; x_wconf 88' lang='lat' dir='ltr'><strong>sed</strong></span> <span class='ocrx_word' id='word_1_159' title='bbox 2181 2226 2349 2287; x_wconf 87' lang='lat' dir='ltr'><strong>ducis</strong></span> <span class='ocrx_word' id='word_1_160' title='bbox 2405 2229 2668 2289; x_wconf 85' lang='lat' dir='ltr'><strong>meditari</strong></span> <span class='ocrx_word' id='word_1_161' title='bbox 2720 2207 2782 2290; x_wconf 73' lang='lat' dir='ltr'><strong>ei</strong></span> 
     </span>
     <span class='ocr_line' id='line_1_20' title="bbox 571 2322 2780 2412; baseline 0.001 -29"><span class='ocrx_word' id='word_1_162' title='bbox 571 2322 881 2403; x_wconf 83' lang='lat' dir='ltr'><strong>providere</strong></span> <span class='ocrx_word' id='word_1_163' title='bbox 906 2322 1121 2403; x_wconf 84' lang='lat' dir='ltr'><strong>quibus</strong></span> <span class='ocrx_word' id='word_1_164' title='bbox 1148 2323 1258 2383; x_wconf 80' lang='lat' dir='ltr'><strong>viis</strong></span> <span class='ocrx_word' id='word_1_165' title='bbox 1286 2323 1606 2384; x_wconf 80' lang='lat' dir='ltr'><strong>exercitum</strong></span> <span class='ocrx_word' id='word_1_166' title='bbox 1635 2323 1847 2394; x_wconf 74' lang='lat' dir='ltr'><strong>ducat:</strong></span> <span class='ocrx_word' id='word_1_167' title='bbox 1894 2324 2107 2404; x_wconf 87' lang='lat' dir='ltr'><strong>quibus</strong></span> <span class='ocrx_word' id='word_1_168' title='bbox 2142 2325 2364 2385; x_wconf 88' lang='lat' dir='ltr'><strong>artibus</strong></span> <span class='ocrx_word' id='word_1_169' title='bbox 2406 2336 2600 2406; x_wconf 77' lang='lat' dir='ltr'><strong>regat:</strong></span> <span class='ocrx_word' id='word_1_170' title='bbox 2644 2345 2780 2412; x_wconf 48' lang='lat' dir='ltr'><strong>quas</strong></span> 
     </span>
     <span class='ocr_line' id='line_1_21' title="bbox 578 2422 2780 2503; baseline -0 -20"><span class='ocrx_word' id='word_1_171' title='bbox 578 2424 853 2503; x_wconf 85' lang='lat' dir='ltr'><strong>quoniam</strong></span> <span class='ocrx_word' id='word_1_172' title='bbox 903 2422 1012 2484; x_wconf 85' lang='lat' dir='ltr'><strong>sibi</strong></span> <span class='ocrx_word' id='word_1_173' title='bbox 1057 2423 1291 2501; x_wconf 79' lang='lat' dir='ltr'><strong>provisa</strong></span> <span class='ocrx_word' id='word_1_174' title='bbox 1339 2423 1456 2483; x_wconf 90' lang='lat' dir='ltr'><strong>sint</strong></span> <span class='ocrx_word' id='word_1_175' title='bbox 1501 2422 1717 2494; x_wconf 86' lang='lat' dir='ltr'><strong>omnia,</strong></span> <span class='ocrx_word' id='word_1_176' title='bbox 1767 2422 1983 2483; x_wconf 84' lang='lat' dir='ltr'><strong>frustra</strong></span> <span class='ocrx_word' id='word_1_177' title='bbox 2037 2443 2138 2483; x_wconf 86' lang='lat' dir='ltr'><strong>eos</strong></span> <span class='ocrx_word' id='word_1_178' title='bbox 2189 2424 2350 2483; x_wconf 86' lang='lat' dir='ltr'><strong>vanis</strong></span> <span class='ocrx_word' id='word_1_179' title='bbox 2392 2441 2464 2483; x_wconf 90' lang='lat' dir='ltr'><strong>ac</strong></span> <span class='ocrx_word' id='word_1_180' title='bbox 2518 2422 2780 2484; x_wconf 88' lang='lat' dir='ltr'><strong>ridiculis</strong></span> 
     </span>
     <span class='ocr_line' id='line_1_22' title="bbox 578 2518 2782 2602; baseline -0.001 -17"><span class='ocrx_word' id='word_1_181' title='bbox 578 2522 896 2585; x_wconf 66' lang='lat' dir='ltr'><strong>moribus</strong></span> <span class='ocrx_word' id='word_1_182' title='bbox 924 2520 1108 2600; x_wconf 88' lang='lat' dir='ltr'><strong>quati.</strong></span> <span class='ocrx_word' id='word_1_183' title='bbox 1193 2518 1332 2583; x_wconf 89' lang='lat' dir='ltr'><strong>Non</strong></span> <span class='ocrx_word' id='word_1_184' title='bbox 1372 2521 1583 2582; x_wconf 88' lang='lat' dir='ltr'><strong>milites</strong></span> <span class='ocrx_word' id='word_1_185' title='bbox 1624 2521 1836 2581; x_wconf 89' lang='lat' dir='ltr'><strong>ducem</strong></span> <span class='ocrx_word' id='word_1_186' title='bbox 1887 2521 2128 2595; x_wconf 86' lang='lat' dir='ltr'><strong>ducere,</strong></span> <span class='ocrx_word' id='word_1_187' title='bbox 2156 2523 2257 2583; x_wconf 88' lang='lat' dir='ltr'><strong>sed</strong></span> <span class='ocrx_word' id='word_1_188' title='bbox 2307 2521 2475 2601; x_wconf 86' lang='lat' dir='ltr'><strong>sequi</strong></span> <span class='ocrx_word' id='word_1_189' title='bbox 2515 2531 2782 2602; x_wconf 84' lang='lat' dir='ltr'><strong>oportere</strong></span> 
     </span>
     <span class='ocr_line' id='line_1_23' title="bbox 576 2617 2785 2702; baseline -0 -20"><span class='ocrx_word' id='word_1_190' title='bbox 576 2640 694 2702; x_wconf 86' lang='lat' dir='ltr'><strong>qua</strong></span> <span class='ocrx_word' id='word_1_191' title='bbox 716 2619 1044 2700; x_wconf 67' lang='lat' dir='ltr'><strong>jussi-sinu</strong></span> <span class='ocrx_word' id='word_1_192' title='bbox 1084 2617 1270 2681; x_wconf 83' lang='lat' dir='ltr'><strong>fidere</strong></span> <span class='ocrx_word' id='word_1_193' title='bbox 1291 2620 1529 2699; x_wconf 86' lang='lat' dir='ltr'><strong>quidem</strong></span> <span class='ocrx_word' id='word_1_194' title='bbox 1560 2640 1643 2692; x_wconf 91' lang='lat' dir='ltr'><strong>se,</strong></span> <span class='ocrx_word' id='word_1_195' title='bbox 1670 2640 1786 2681; x_wconf 90' lang='lat' dir='ltr'><strong>non</strong></span> <span class='ocrx_word' id='word_1_196' title='bbox 1815 2619 2255 2680; x_wconf 89' lang='lat' dir='ltr'><strong>commissurum</strong></span> <span class='ocrx_word' id='word_1_197' title='bbox 2286 2618 2661 2693; x_wconf 79' lang='lat' dir='ltr'><strong>Ariovistum,</strong></span> <span class='ocrx_word' id='word_1_198' title='bbox 2686 2619 2785 2681; x_wconf 77' lang='lat' dir='ltr'><strong>⁴&#39;ut</strong></span> 
     </span>
     <span class='ocr_line' id='line_1_24' title="bbox 573 2698 2782 2795; baseline -0.001 -15"><span class='ocrx_word' id='word_1_199' title='bbox 573 2718 768 2780; x_wconf 80' lang='lat' dir='ltr'><strong>amico</strong></span> <span class='ocrx_word' id='word_1_200' title='bbox 814 2716 1001 2778; x_wconf 86' lang='lat' dir='ltr'><strong>bostis</strong></span> <span class='ocrx_word' id='word_1_201' title='bbox 1046 2714 1154 2777; x_wconf 82' lang='lat' dir='ltr'><strong>flat</strong></span> <span class='ocrx_word' id='word_1_202' title='bbox 1199 2717 1409 2795; x_wconf 90' lang='lat' dir='ltr'><strong>populi</strong></span> <span class='ocrx_word' id='word_1_203' title='bbox 1459 2717 1724 2779; x_wconf 84' lang='lat' dir='ltr'><strong>Romani.</strong></span> <span class='ocrx_word' id='word_1_204' title='bbox 1810 2717 1957 2777; x_wconf 88' lang='lat' dir='ltr'><strong>Esto</strong></span> <span class='ocrx_word' id='word_1_205' title='bbox 1998 2726 2213 2788; x_wconf 86' lang='lat' dir='ltr'><strong>autem,</strong></span> <span class='ocrx_word' id='word_1_206' title='bbox 2244 2717 2393 2777; x_wconf 87' lang='lat' dir='ltr'><strong>male</strong></span> <span class='ocrx_word' id='word_1_207' title='bbox 2436 2736 2577 2777; x_wconf 84' lang='lat' dir='ltr'><strong>sana</strong></span> <span class='ocrx_word' id='word_1_208' title='bbox 2620 2698 2782 2778; x_wconf 77' lang='lat' dir='ltr'><strong>mens</strong></span> 
     </span>
     <span class='ocr_line' id='line_1_25' title="bbox 576 2804 2790 2899; baseline -0 -22"><span class='ocrx_word' id='word_1_209' title='bbox 576 2817 945 2897; x_wconf 62' lang='lat' dir='ltr'><strong>praecipitem</strong></span> <span class='ocrx_word' id='word_1_210' title='bbox 975 2815 1339 2896; x_wconf 88' lang='lat' dir='ltr'><strong>oblitumque</strong></span> <span class='ocrx_word' id='word_1_211' title='bbox 1368 2816 1457 2877; x_wconf 89' lang='lat' dir='ltr'><strong>sui</strong></span> <span class='ocrx_word' id='word_1_212' title='bbox 1501 2824 1731 2895; x_wconf 84' lang='lat' dir='ltr'><strong>ageret:</strong></span> <span class='ocrx_word' id='word_1_213' title='bbox 1779 2835 1896 2876; x_wconf 90' lang='lat' dir='ltr'><strong>non</strong></span> <span class='ocrx_word' id='word_1_214' title='bbox 1941 2836 2002 2876; x_wconf 88' lang='lat' dir='ltr'><strong>se</strong></span> <span class='ocrx_word' id='word_1_215' title='bbox 2052 2826 2250 2876; x_wconf 88' lang='lat' dir='ltr'><strong>tamen</strong></span> <span class='ocrx_word' id='word_1_216' title='bbox 2299 2814 2634 2893; x_wconf 87' lang='lat' dir='ltr'><strong>intelligere,</strong></span> <span class='ocrx_word' id='word_1_217' title='bbox 2680 2804 2790 2899; x_wconf 64' lang='lat' dir='ltr'><strong>cur</strong></span> 
     </span>
     <span class='ocr_line' id='line_1_26' title="bbox 573 2910 2784 3003; baseline -0.002 -28"><span class='ocrx_word' id='word_1_218' title='bbox 573 2916 681 2975; x_wconf 83' lang='lat' dir='ltr'><strong>bos</strong></span> <span class='ocrx_word' id='word_1_219' title='bbox 712 2923 905 2975; x_wconf 90' lang='lat' dir='ltr'><strong>tantos</strong></span> <span class='ocrx_word' id='word_1_220' title='bbox 957 2913 1069 2973; x_wconf 89' lang='lat' dir='ltr'><strong>sibi</strong></span> <span class='ocrx_word' id='word_1_221' title='bbox 1120 2911 1405 2992; x_wconf 84' lang='lat' dir='ltr'><strong>fingerent</strong></span> <span class='ocrx_word' id='word_1_222' title='bbox 1443 2933 1708 2993; x_wconf 87' lang='lat' dir='ltr'><strong>pavores,</strong></span> <span class='ocrx_word' id='word_1_223' title='bbox 1760 2923 1863 2973; x_wconf 88' lang='lat' dir='ltr'><strong>aut</strong></span> <span class='ocrx_word' id='word_1_224' title='bbox 1908 2913 1982 2973; x_wconf 89' lang='lat' dir='ltr'><strong>de</strong></span> <span class='ocrx_word' id='word_1_225' title='bbox 2030 2912 2118 2972; x_wconf 89' lang='lat' dir='ltr'><strong>sui</strong></span> <span class='ocrx_word' id='word_1_226' title='bbox 2164 2910 2550 2991; x_wconf 85' lang='lat' dir='ltr'><strong>providentia,</strong></span> <span class='ocrx_word' id='word_1_227' title='bbox 2580 2921 2681 2970; x_wconf 89' lang='lat' dir='ltr'><strong>aut</strong></span> <span class='ocrx_word' id='word_1_228' title='bbox 2710 2911 2784 3003; x_wconf 74' lang='lat' dir='ltr'><strong>de</strong></span> 
     </span>
     <span class='ocr_line' id='line_1_27' title="bbox 577 3006 2786 3092; baseline -0.001 -20"><span class='ocrx_word' id='word_1_229' title='bbox 577 3012 818 3092; x_wconf 82' lang='lat' dir='ltr'><strong>propria</strong></span> <span class='ocrx_word' id='word_1_230' title='bbox 840 3012 1055 3073; x_wconf 81' lang='lat' dir='ltr'><strong>virtute</strong></span> <span class='ocrx_word' id='word_1_231' title='bbox 1084 3010 1435 3083; x_wconf 84' lang='lat' dir='ltr'><strong>diffiderent,</strong></span> <span class='ocrx_word' id='word_1_232' title='bbox 1465 3019 1572 3073; x_wconf 86' lang='lat' dir='ltr'><strong>aut</strong></span> <span class='ocrx_word' id='word_1_233' title='bbox 1618 3011 1807 3072; x_wconf 90' lang='lat' dir='ltr'><strong>minus</strong></span> <span class='ocrx_word' id='word_1_234' title='bbox 1860 3010 1933 3071; x_wconf 89' lang='lat' dir='ltr'><strong>de</strong></span> <span class='ocrx_word' id='word_1_235' title='bbox 1983 3030 2045 3070; x_wconf 88' lang='lat' dir='ltr'><strong>se</strong></span> <span class='ocrx_word' id='word_1_236' title='bbox 2072 3018 2390 3088; x_wconf 84' lang='lat' dir='ltr'><strong>sperarent,</strong></span> <span class='ocrx_word' id='word_1_237' title='bbox 2422 3007 2548 3068; x_wconf 83' lang='lat' dir='ltr'><strong>⁵tali</strong></span> <span class='ocrx_word' id='word_1_238' title='bbox 2577 3006 2700 3068; x_wconf 85' lang='lat' dir='ltr'><strong>viro</strong></span> <span class='ocrx_word' id='word_1_239' title='bbox 2725 3017 2786 3070; x_wconf 82' lang='lat' dir='ltr'><strong>et</strong></span> 
     </span>
     <span class='ocr_line' id='line_1_28' title="bbox 583 3090 2786 3189; baseline -0 -20"><span class='ocrx_word' id='word_1_240' title='bbox 583 3118 746 3169; x_wconf 78' lang='lat' dir='ltr'><strong>certe</strong></span> <span class='ocrx_word' id='word_1_241' title='bbox 791 3108 973 3169; x_wconf 87' lang='lat' dir='ltr'><strong>nobili</strong></span> <span class='ocrx_word' id='word_1_242' title='bbox 1022 3109 1227 3170; x_wconf 86' lang='lat' dir='ltr'><strong>saltem</strong></span> <span class='ocrx_word' id='word_1_243' title='bbox 1272 3128 1345 3169; x_wconf 88' lang='lat' dir='ltr'><strong>ac</strong></span> <span class='ocrx_word' id='word_1_244' title='bbox 1394 3109 1556 3189; x_wconf 88' lang='lat' dir='ltr'><strong>quod</strong></span> <span class='ocrx_word' id='word_1_245' title='bbox 1603 3108 1680 3170; x_wconf 89' lang='lat' dir='ltr'><strong>de</strong></span> <span class='ocrx_word' id='word_1_246' title='bbox 1724 3108 1890 3188; x_wconf 88' lang='lat' dir='ltr'><strong>Gajo</strong></span> <span class='ocrx_word' id='word_1_247' title='bbox 1936 3104 2180 3168; x_wconf 82' lang='lat' dir='ltr'><strong>⁶Marco</strong></span> <span class='ocrx_word' id='word_1_248' title='bbox 2223 3107 2446 3167; x_wconf 88' lang='lat' dir='ltr'><strong>rustico</strong></span> <span class='ocrx_word' id='word_1_249' title='bbox 2501 3090 2786 3186; x_wconf 73' lang='lat' dir='ltr'><strong>Arpinate</strong></span> 
     </span>
     <span class='ocr_line' id='line_1_29' title="bbox 579 3194 2787 3285; baseline -0 -20"><span class='ocrx_word' id='word_1_250' title='bbox 579 3215 917 3285; x_wconf 79' lang='lat' dir='ltr'><strong>sperassent</strong></span> <span class='ocrx_word' id='word_1_251' title='bbox 963 3215 1158 3284; x_wconf 87' lang='lat' dir='ltr'><strong>patres</strong></span> <span class='ocrx_word' id='word_1_252' title='bbox 1204 3222 1426 3279; x_wconf 88' lang='lat' dir='ltr'><strong>eorum,</strong></span> <span class='ocrx_word' id='word_1_253' title='bbox 1486 3207 1588 3285; x_wconf 90' lang='lat' dir='ltr'><strong>qui</strong></span> <span class='ocrx_word' id='word_1_254' title='bbox 1643 3205 2037 3267; x_wconf 74' lang='lat' dir='ltr'><strong>⁷&#39;1⁸betonicos</strong></span> <span class='ocrx_word' id='word_1_255' title='bbox 2081 3225 2152 3266; x_wconf 92' lang='lat' dir='ltr'><strong>ac</strong></span> <span class='ocrx_word' id='word_1_256' title='bbox 2207 3203 2495 3274; x_wconf 89' lang='lat' dir='ltr'><strong>Cimbros,</strong></span> <span class='ocrx_word' id='word_1_257' title='bbox 2551 3194 2787 3277; x_wconf 59' lang='lat' dir='ltr'><strong>duobuss</strong></span> 
     </span>
    </p>
   </div>
   <div class='ocr_carea' id='block_1_5' title="bbox 456 3299 2781 3382">
    <p class='ocr_par' dir='ltr' id='par_1_5' title="bbox 456 3299 2781 3382">
     <span class='ocr_line' id='line_1_30' title="bbox 456 3299 2781 3382; baseline 0 -19"><span class='ocrx_word' id='word_1_258' title='bbox 456 3318 473 3328; x_wconf 77' lang='grc'><strong><em>’</em></strong></span> <span class='ocrx_word' id='word_1_259' title='bbox 579 3303 998 3363; x_wconf 81' lang='lat' dir='ltr'><strong>cruentissimis</strong></span> <span class='ocrx_word' id='word_1_260' title='bbox 1017 3313 1076 3363; x_wconf 89' lang='lat' dir='ltr'><strong>et</strong></span> <span class='ocrx_word' id='word_1_261' title='bbox 1097 3314 1233 3382; x_wconf 86' lang='lat' dir='ltr'><strong>post</strong></span> <span class='ocrx_word' id='word_1_262' title='bbox 1259 3304 1558 3364; x_wconf 84' lang='lat' dir='ltr'><strong>hominum</strong></span> <span class='ocrx_word' id='word_1_263' title='bbox 1585 3302 1921 3364; x_wconf 82' lang='lat' dir='ltr'><strong>memoriam</strong></span> <span class='ocrx_word' id='word_1_264' title='bbox 1946 3302 2209 3364; x_wconf 77' lang='lat' dir='ltr'><strong>maximis</strong></span> <span class='ocrx_word' id='word_1_265' title='bbox 2229 3301 2440 3380; x_wconf 86' lang='lat' dir='ltr'><strong>proeliis</strong></span> <span class='ocrx_word' id='word_1_266' title='bbox 2463 3299 2781 3381; x_wconf 62' lang='lat' dir='ltr'><strong>delessent}</strong></span> 
     </span>
    </p>
   </div>
   <div class='ocr_carea' id='block_1_6' title="bbox 577 3398 2789 3970">
    <p class='ocr_par' dir='ltr' id='par_1_6' title="bbox 577 3398 2789 3981">
     <span class='ocr_line' id='line_1_31' title="bbox 580 3398 2786 3482; baseline -0.001 -21"><span class='ocrx_word' id='word_1_267' title='bbox 580 3418 774 3481; x_wconf 81' lang='lat' dir='ltr'><strong>neque</strong></span> <span class='ocrx_word' id='word_1_268' title='bbox 802 3420 943 3461; x_wconf 75' lang='lat' dir='ltr'><strong>vero</strong></span> <span class='ocrx_word' id='word_1_269' title='bbox 971 3401 1405 3482; x_wconf 87' lang='lat' dir='ltr'><strong>desperandum</strong></span> <span class='ocrx_word' id='word_1_270' title='bbox 1433 3400 1590 3463; x_wconf 75' lang='lat' dir='ltr'><strong>vinci</strong></span> <span class='ocrx_word' id='word_1_271' title='bbox 1638 3422 1808 3481; x_wconf 85' lang='lat' dir='ltr'><strong>posse</strong></span> <span class='ocrx_word' id='word_1_272' title='bbox 1855 3403 2204 3473; x_wconf 88' lang='lat' dir='ltr'><strong>Germanos,</strong></span> <span class='ocrx_word' id='word_1_273' title='bbox 2254 3399 2376 3479; x_wconf 83' lang='lat' dir='ltr'><strong>qui,</strong></span> <span class='ocrx_word' id='word_1_274' title='bbox 2406 3408 2475 3459; x_wconf 89' lang='lat' dir='ltr'><strong>ut</strong></span> <span class='ocrx_word' id='word_1_275' title='bbox 2499 3398 2786 3459; x_wconf 63' lang='lat' dir='ltr'><strong>Romanae</strong></span> 
     </span>
     <span class='ocr_line' id='line_1_32' title="bbox 577 3496 2786 3579; baseline 0 -21"><span class='ocrx_word' id='word_1_276' title='bbox 577 3498 652 3559; x_wconf 84' lang='lat' dir='ltr'><strong>de</strong></span> <span class='ocrx_word' id='word_1_277' title='bbox 701 3500 782 3558; x_wconf 88' lang='lat' dir='ltr'><strong>eis</strong></span> <span class='ocrx_word' id='word_1_278' title='bbox 832 3499 1093 3560; x_wconf 64' lang='lat' dir='ltr'><strong>victoriae</strong></span> <span class='ocrx_word' id='word_1_279' title='bbox 1139 3508 1420 3571; x_wconf 87' lang='lat' dir='ltr'><strong>tacerent,</strong></span> <span class='ocrx_word' id='word_1_280' title='bbox 1467 3518 1625 3576; x_wconf 80' lang='lat' dir='ltr'><strong>saepe</strong></span> <span class='ocrx_word' id='word_1_281' title='bbox 1671 3500 1749 3558; x_wconf 90' lang='lat' dir='ltr'><strong>ab</strong></span> <span class='ocrx_word' id='word_1_282' title='bbox 1801 3499 1942 3577; x_wconf 83' lang='lat' dir='ltr'><strong>ipsis</strong></span> <span class='ocrx_word' id='word_1_283' title='bbox 1987 3497 2267 3559; x_wconf 86' lang='lat' dir='ltr'><strong>Helvetiis</strong></span> <span class='ocrx_word' id='word_1_284' title='bbox 2307 3517 2466 3579; x_wconf 83' lang='lat' dir='ltr'><strong>nunc</strong></span> <span class='ocrx_word' id='word_1_285' title='bbox 2519 3496 2786 3573; x_wconf 82' lang='lat' dir='ltr'><strong>Romano</strong></span> 
     </span>
     <span class='ocr_line' id='line_1_33' title="bbox 581 3593 2788 3676; baseline -0.002 -19"><span class='ocrx_word' id='word_1_286' title='bbox 581 3596 835 3657; x_wconf 87' lang='lat' dir='ltr'><strong>subditis</strong></span> <span class='ocrx_word' id='word_1_287' title='bbox 859 3598 1105 3676; x_wconf 85' lang='lat' dir='ltr'><strong>imperio</strong></span> <span class='ocrx_word' id='word_1_288' title='bbox 1132 3598 1271 3657; x_wconf 84' lang='lat' dir='ltr'><strong>victi</strong></span> <span class='ocrx_word' id='word_1_289' title='bbox 1297 3605 1518 3657; x_wconf 83' lang='lat' dir='ltr'><strong>essent:</strong></span> <span class='ocrx_word' id='word_1_290' title='bbox 1559 3605 1621 3657; x_wconf 89' lang='lat' dir='ltr'><strong>et</strong></span> <span class='ocrx_word' id='word_1_291' title='bbox 1649 3594 1936 3675; x_wconf 88' lang='lat' dir='ltr'><strong>siquando</strong></span> <span class='ocrx_word' id='word_1_292' title='bbox 1959 3594 2313 3654; x_wconf 85' lang='lat' dir='ltr'><strong>contrarium</strong></span> <span class='ocrx_word' id='word_1_293' title='bbox 2343 3593 2644 3663; x_wconf 84' lang='lat' dir='ltr'><strong>evenisset,</strong></span> <span class='ocrx_word' id='word_1_294' title='bbox 2667 3612 2788 3654; x_wconf 88' lang='lat' dir='ltr'><strong>non</strong></span> 
     </span>
     <span class='ocr_line' id='line_1_34' title="bbox 578 3676 2788 3773; baseline -0.001 -19"><span class='ocrx_word' id='word_1_295' title='bbox 578 3694 829 3755; x_wconf 86' lang='lat' dir='ltr'><strong>militum</strong></span> <span class='ocrx_word' id='word_1_296' title='bbox 874 3696 1112 3768; x_wconf 86' lang='lat' dir='ltr'><strong>virtute,</strong></span> <span class='ocrx_word' id='word_1_297' title='bbox 1162 3695 1267 3757; x_wconf 86' lang='lat' dir='ltr'><strong>sed</strong></span> <span class='ocrx_word' id='word_1_298' title='bbox 1318 3694 1594 3755; x_wconf 84' lang='lat' dir='ltr'><strong>Ariovisti</strong></span> <span class='ocrx_word' id='word_1_299' title='bbox 1642 3693 1886 3755; x_wconf 87' lang='lat' dir='ltr'><strong>consilio</strong></span> <span class='ocrx_word' id='word_1_300' title='bbox 1925 3704 2155 3773; x_wconf 86' lang='lat' dir='ltr'><strong>gestum</strong></span> <span class='ocrx_word' id='word_1_301' title='bbox 2197 3712 2346 3763; x_wconf 87' lang='lat' dir='ltr'><strong>esse,</strong></span> <span class='ocrx_word' id='word_1_302' title='bbox 2401 3691 2502 3772; x_wconf 90' lang='lat' dir='ltr'><strong>qui</strong></span> <span class='ocrx_word' id='word_1_303' title='bbox 2542 3711 2680 3751; x_wconf 91' lang='lat' dir='ltr'><strong>cum</strong></span> <span class='ocrx_word' id='word_1_304' title='bbox 2723 3676 2788 3752; x_wconf 78' lang='lat' dir='ltr'><strong>se</strong></span> 
     </span>
     <span class='ocr_line' id='line_1_35' title="bbox 588 3776 2789 3879; baseline -0.001 -26"><span class='ocrx_word' id='word_1_305' title='bbox 588 3804 873 3872; x_wconf 85' lang='lat' dir='ltr'><strong>suumque</strong></span> <span class='ocrx_word' id='word_1_306' title='bbox 921 3794 1246 3854; x_wconf 84' lang='lat' dir='ltr'><strong>exercitum</strong></span> <span class='ocrx_word' id='word_1_307' title='bbox 1293 3793 1506 3852; x_wconf 87' lang='lat' dir='ltr'><strong>multos</strong></span> <span class='ocrx_word' id='word_1_308' title='bbox 1551 3810 1781 3851; x_wconf 85' lang='lat' dir='ltr'><strong>menses</strong></span> <span class='ocrx_word' id='word_1_309' title='bbox 1810 3789 2169 3870; x_wconf 86' lang='lat' dir='ltr'><strong>palustribus</strong></span> <span class='ocrx_word' id='word_1_310' title='bbox 2218 3788 2513 3860; x_wconf 86' lang='lat' dir='ltr'><strong>tenuisset,</strong></span> <span class='ocrx_word' id='word_1_311' title='bbox 2552 3788 2680 3866; x_wconf 89' lang='lat' dir='ltr'><strong>jam</strong></span> <span class='ocrx_word' id='word_1_312' title='bbox 2710 3776 2789 3879; x_wconf 61' lang='lat' dir='ltr'><strong>de</strong></span> 
     </span>
     <span class='ocr_line' id='line_1_36' title="bbox 586 3884 2754 3970; baseline -0.001 -22"><span class='ocrx_word' id='word_1_313' title='bbox 586 3889 789 3968; x_wconf 79' lang='lat' dir='ltr'><strong>praelio</strong></span> <span class='ocrx_word' id='word_1_314' title='bbox 819 3889 1190 3970; x_wconf 86' lang='lat' dir='ltr'><strong>desperantes</strong></span> <span class='ocrx_word' id='word_1_315' title='bbox 1216 3908 1290 3950; x_wconf 91' lang='lat' dir='ltr'><strong>ac</strong></span> <span class='ocrx_word' id='word_1_316' title='bbox 1318 3888 1614 3967; x_wconf 86' lang='lat' dir='ltr'><strong>dispersos</strong></span> <span class='ocrx_word' id='word_1_317' title='bbox 1639 3906 1940 3967; x_wconf 80' lang='lat' dir='ltr'><strong>aggressus</strong></span> <span class='ocrx_word' id='word_1_318' title='bbox 1979 3887 2216 3966; x_wconf 88' lang='lat' dir='ltr'><strong>inopino</strong></span> <span class='ocrx_word' id='word_1_319' title='bbox 2250 3884 2494 3949; x_wconf 85' lang='lat' dir='ltr'><strong>fudisset</strong></span> <span class='ocrx_word' id='word_1_320' title='bbox 2519 3885 2788 3959; x_wconf 68' lang='lat' dir='ltr'><strong>incursu:</strong></span> 
     </span>
    </p>
   </div>
   <div class='ocr_carea' id='block_1_7' title="bbox 590 4094 2791 4346">
    <p class='ocr_par' dir='ltr' id='par_1_7' title="bbox 590 4094 2791 4346">
     <span class='ocr_line' id='line_1_37' title="bbox 652 4094 2791 4197; baseline -0.001 -14"><span class='ocrx_word' id='word_1_321' title='bbox 652 4094 685 4184; x_wconf 52' lang='grc' dir='ltr'>Ξ</span> <span class='ocrx_word' id='word_1_322' title='bbox 719 4134 900 4195; x_wconf 83' lang='lat' dir='ltr'><strong>Forte,</strong></span> <span class='ocrx_word' id='word_1_323' title='bbox 918 4130 1387 4196; x_wconf 53' lang='lat' dir='ltr'><strong>semaa—⁸</strong></span> <span class='ocrx_word' id='word_1_324' title='bbox 1410 4131 1589 4196; x_wconf 81' lang='lat' dir='ltr'><strong>Forte,</strong></span> <span class='ocrx_word' id='word_1_325' title='bbox 1608 4100 2003 4187; x_wconf 53' lang='lat' dir='ltr'><strong>intumuisset—4</strong></span> <span class='ocrx_word' id='word_1_326' title='bbox 2037 4132 2198 4197; x_wconf 68' lang='lat' dir='ltr'><strong>Lego,</strong></span> <span class='ocrx_word' id='word_1_327' title='bbox 2216 4138 2272 4184; x_wconf 71' lang='lat' dir='ltr'><strong>ut</strong></span> <span class='ocrx_word' id='word_1_328' title='bbox 2294 4146 2356 4183; x_wconf 76' lang='lat' dir='ltr'><strong>ea:</strong></span> <span class='ocrx_word' id='word_1_329' title='bbox 2374 4133 2638 4183; x_wconf 63' lang='grc' dir='ltr'><strong>σείσω-6</strong></span> <span class='ocrx_word' id='word_1_330' title='bbox 2669 4132 2791 4181; x_wconf 66' lang='lat' dir='ltr'><strong>fluo·</strong></span> 
     </span>
     <span class='ocr_line' id='line_1_38' title="bbox 590 4213 2791 4281; baseline 0 -16"><span class='ocrx_word' id='word_1_331' title='bbox 590 4220 748 4280; x_wconf 81' lang='lat' dir='ltr'><strong>pecta</strong></span> <span class='ocrx_word' id='word_1_332' title='bbox 769 4214 958 4265; x_wconf 78' lang='lat' dir='ltr'><strong>verba:</strong></span> <span class='ocrx_word' id='word_1_333' title='bbox 994 4213 1084 4264; x_wconf 77' lang='lat' dir='ltr'><strong>tali</strong></span> <span class='ocrx_word' id='word_1_334' title='bbox 1104 4213 1210 4264; x_wconf 72' lang='lat' dir='ltr'><strong>niro</strong></span> <span class='ocrx_word' id='word_1_335' title='bbox 1229 4217 1279 4264; x_wconf 71' lang='lat' dir='ltr'><strong>ct</strong></span> <span class='ocrx_word' id='word_1_336' title='bbox 1297 4219 1422 4266; x_wconf 71' lang='lat' dir='ltr'><strong>certe</strong></span> <span class='ocrx_word' id='word_1_337' title='bbox 1440 4214 1589 4267; x_wconf 62' lang='lat' dir='ltr'><strong>uus</strong></span> <span class='ocrx_word' id='word_1_338' title='bbox 1605 4216 1776 4268; x_wconf 73' lang='lat' dir='ltr'><strong>saltent</strong></span> <span class='ocrx_word' id='word_1_339' title='bbox 1792 4219 1967 4267; x_wconf 70' lang='lat' dir='ltr'><strong>aae.—6</strong></span> <span class='ocrx_word' id='word_1_340' title='bbox 1995 4215 2156 4281; x_wconf 67' lang='lat' dir='ltr'><strong>Lege,</strong></span> <span class='ocrx_word' id='word_1_341' title='bbox 2175 4214 2456 4266; x_wconf 54' lang='lat' dir='ltr'><strong>Maria—&#39;7</strong></span> <span class='ocrx_word' id='word_1_342' title='bbox 2489 4214 2651 4280; x_wconf 72' lang='lat' dir='ltr'><strong>Lege,</strong></span> <span class='ocrx_word' id='word_1_343' title='bbox 2675 4213 2791 4265; x_wconf 56' lang='lat' dir='ltr'><strong>Th·</strong></span> 
     </span>
     <span class='ocr_line' id='line_1_39' title="bbox 590 4294 783 4346; baseline 0.005 -1"><span class='ocrx_word' id='word_1_344' title='bbox 590 4294 783 4346; x_wconf 65' lang='lat' dir='ltr'><strong>tanim</strong></span> 
     </span>
    </p>
   </div>
   <div class='ocr_carea' id='block_1_8' title="bbox 3111 438 3117 1026">
    <p class='ocr_par' dir='ltr' id='par_1_8' title="bbox 3111 438 3117 1026">
     <span class='ocr_line' id='line_1_40' title="bbox 3111 438 3117 1026; baseline 0 0"><span class='ocrx_word' id='word_1_345' title='bbox 3111 438 3117 1026; x_wconf 95' lang='lat' dir='ltr'><strong> </strong></span> 
     </span>
    </p>
   </div>
  </div>
 </body>
</html>
