3117 5025
1025 446 1034 459 ‘
1148 469 1215 516 c.
1246 459 1450 517 sumt
1496 462 1852 517 caesuris.
2378 452 2555 521 2069

332 626 421 667 ·'-
458 620 775 703 Tubingae.
820 630 875 681 8.
919 620 1419 682 C.JuliiCaesaris
1447 624 1668 701 Opera.
1726 620 2053 681 Editionem
2094 621 2321 681 curavit
2379 622 2435 682 J.
2468 623 2551 683 G.

425 702 675 781 Hutffin.
729 720 894 780 Tub.
925 738 1019 797 ap.
1053 719 1250 778 Cotta.

343 823 504 877 1803
549 816 977 895 Norimbergae.
1026 824 1081 876 8.
1126 817 1196 875 C.
1226 815 1366 876 Julii
1396 815 1641 875 Caesaris
1668 816 2104 877 Commentarii.
2156 818 2353 879 Editio
2380 836 2554 891 nova,

307 970 315 974 .
423 922 685 973 correcta
722 923 783 974 et
810 920 950 994 post
994 911 1090 972 ed.
1120 912 1354 989 Bipont.
1399 910 1734 973 emendata.
1778 913 2046 976 Norimb.
2097 934 2196 995 ap.
2244 915 2445 997 Riegel
2487 925 2548 976 et

420 1010 700 1071 Wiesner.

417 1467 601 1537 Quod
633 1469 846 1529 attinet
885 1469 960 1530 ad
979 1471 1298 1532 secundam
1330 1474 1479 1534 hanc
1508 1472 2040 1534 nostram‘Caesaris
2061 1470 2400 1543 editionem,
2433 1476 2556 1530 tex·-

341 1574 471 1625 tum
502 1564 745 1643 quidem
774 1566 940 1626 novis
970 1586 1075 1647 per
1101 1577 1292 1630 totum
1320 1589 1394 1631 ac
1416 1570 1882 1648 diligentioribus
1906 1569 2063 1630 curis
2090 1567 2555 1647 recognovimus,

337 1673 403 1723 et
423 1661 506 1722 ad
521 1661 778 1723 melioris
807 1673 966 1724 notae
993 1673 1256 1726 'veterum
1285 1665 1613 1727 editionum
1642 1665 1779 1727 inde
1805 1666 1882 1724 ab
1902 1664 2117 1724 Aldina
2142 1664 2327 1743 prima
2353 1661 2554 1736 fidem,

343 1757 628 1821 adhibitis
687 1760 856 1820 simul
897 1771 1215 1824 msstorum
1257 1763 1632 1836 lectionibus,
1658 1780 1804 1841 quas
1843 1768 2151 1821 enotarunt
2201 1759 2557 1820 recentiores

342 1856 612 1929 editores,
640 1856 1110 1930 emendavimusg
1155 1860 1421 1939 adeoque
1471 1860 1658 1920 multo
1687 1879 1868 1939 quam
1915 1868 2085 1920 antea
2126 1856 2555 1936 castigatiorem

339 1972 500 2015 nunc
520 1954 890 2015 exhibemus.
971 1955 1087 2016 Sed
1124 1956 1215 2016 vel
1251 1958 1334 2017 sic
1375 1966 1691 2036 supersunt
1733 1956 1941 2016 tamin
1981 1957 2105 2034 ipso
2134 1954 2249 2014 hoc
2289 1965 2557 2024 auctore,

341 2070 525 2131 quam
567 2052 624 2112 in
669 2052 754 2124 iis,
786 2053 889 2131 qui
922 2072 1036 2116 una
1061 2072 1199 2114 cnm
1226 2072 1299 2113 eo
1340 2053 1440 2114 edi
1467 2054 1673 2126 solent,
1714 2054 1866 2115 bene
1910 2052 2115 2126 multa,
2143 2071 2279 2129 quae
2324 2071 2559 2113 manum

339 2148 798 2235 emendatricem
823 2149 1019 2211 adhuc
1057 2158 1394 2230 expectant.
1477 2151 1634 2221 Quae
1673 2171 1810 2211 cum
1840 2150 1961 2210 fere
1988 2150 2105 2211 siut
2145 2149 2459 2226 ejusmodi,
2493 2158 2560 2211 ut

341 2248 579 2308 nonnisi
604 2267 721 2327 ope
771 2248 1022 2309 melioris
1047 2248 1294 2321 codicis,
1325 2267 1502 2327 quam
1530 2256 1669 2310 sunt
1697 2249 1754 2325 ii,
1789 2249 2005 2328 quibus
2032 2246 2230 2309 adhuc
2261 2248 2347 2307 uti
2387 2247 2557 2308 licuit

345 2345 480 2406 viris
520 2345 740 2419 doctis,
787 2346 846 2406 in
887 2346 1120 2407 edendo
1172 2346 1410 2407 Caesare
1457 2367 1593 2406 cum
1640 2346 1813 2407 laude
1861 2345 2124 2416 versatis,
2166 2345 2227 2404 in
2272 2346 2560 2423 integrum

341 2443 575 2503 restitui
630 2443 878 2523 possint,
934 2445 1153 2506 intacta
1181 2444 1506 2526 relinquere
1553 2444 1876 2505 consultius
1920 2442 2090 2503 nobis
2144 2443 2351 2513 visum,
2384 2460 2561 2522 quam

342 2558 539 2602 meras
576 2542 669 2600 vel
721 2543 970 2602 aliorum
1014 2542 1110 2603 vel
1163 2551 1408 2603 nostras
1452 2542 1827 2620 conjecturas
1868 2542 2173 2602 contextui
2218 2539 2559 2600 obtrudere.

341 2639 636 2700 Notitiam
658 2638 989 2713 litet-ariam,
1019 2640 1298 2701 volumini
1325 2640 1515 2720 primo
1538 2639 1922 2719 praemissam,
1950 2658 2059 2718 pro
2101 2637 2189 2709 iis,
2220 2656 2357 2715 quae
2387 2636 2558 2695 nobis

341 2736 423 2798 ad
449 2753 654 2797 manus
679 2736 862 2808 suere,
881 2737 1150 2818 subsidiis
1178 2747 1239 2798 et
1266 2738 1536 2798 auximus
1555 2745 1616 2797 et
1643 2736 2085 2797 emendavimus
2095 2756 2111 2804 3
2136 2735 2375 2813 adjecta
2402 2733 2560 2793 insu-

344 2854 458 2914 per
483 2836 630 2896 Ger.
658 2835 756 2897 Jo.
784 2836 978 2896 Vossii
1022 2835 1097 2897 de
1138 2835 1388 2915 Scriptis
1419 2834 1667 2895 Caesaris
1693 2831 2224 2899 commentatione,
2271 2837 2331 2890 et
2374 2829 2559 2891 Henr.

343 2932 642 2994 Dodwelli
659 2934 1080 2995 Dissertatione
1103 2933 1185 2995 de
1211 2943 1451 2995 arictore
1464 2931 1600 3000 iibri
1617 2948 1774 2993 vlu.
1796 2931 1872 2991 de
1896 2932 1962 2992 B.
1984 2932 2065 2991 G.
2096 2938 2158 2990 et
2175 2930 2347 2989 Alex.
2366 2925 2552 2988 Afric.

341 3042 406 3092 et
425 3030 595 3110 Hisp.
627 3031 899 3092 Secundo
924 3051 1065 3093 vero
1090 3031 1373 3093 volumini
1399 3033 1457 3092 in
1476 3031 1718 3111 gratiam
1743 3029 1990 3090 tironum
2021 3026 2435 3106 subjunximus
2458 3026 2553 3085 In-

345 3125 542 3188 didem
563 3127 884 3201 latinitatis,
913 3148 951 3188 a
979 3130 1137 3188 Sam.
1172 3131 1262 3190 Fr.
1292 3129 1476 3188 Nath.
1520 3129 1699 3187 Moro
1745 3127 2105 3198 confectum,
2134 3124 2194 3184 in
2239 3143 2359 3204 quo
2391 3122 2563 3184 simul

345 3224 632 3283 nonnulla
659 3223 736 3284 de
757 3224 962 3284 ritibus
978 3235 1039 3284 et
1068 3224 1243 3284 rebus
1271 3224 1524 3302 antiquis
1559 3234 1885 3294 monentur,
1917 3234 2117 3284 nostra
2143 3242 2287 3284 cura
2324 3240 2562 3282 cumex

343 3321 621 3394 aliorum,
640 3331 767 3382 tum
793 3320 1072 3401 exipsius
1099 3321 1205 3382 viri
1225 3319 1551 3382 doctissimi
1595 3321 2189 3382 animadversionibus
2216 3319 2561 3391 auctiorem,

345 3428 410 3479 et
468 3417 546 3478 ad
603 3418 903 3480 literarum
963 3418 1168 3480 seriem
1219 3438 1358 3480 cum
1425 3420 1622 3481 indice
1683 3417 2383 3500 geographico-historico
2428 3429 2567 3477 cona

336 3516 645 3594 junctum.
2508 3519 2515 3528 '

433 4022 529 4081 De
568 4017 926 4081 editionibus
970 4023 1322 4104 scriptorum
1370 4026 1833 4086 Caesarianorum
1881 4023 1940 4082 in
1988 4022 2318 4082 'universum
2367 4024 2569 4077 tenen·

345 4120 512 4191 dum,
541 4111 895 4198 antiquiores
948 4119 1072 4181 sere
1107 4122 1256 4182 inter
1283 4143 1344 4183 se
1386 4122 1738 4193 consentire,
1786 4121 1887 4182 ubi
1922 4118 2057 4179 vitia
2097 4125 2404 4199 operarum
2444 4134 2564 4175 non

347 4207 728 4277 intercedunt
749 4231 776 4278 ’τ
819 4231 954 4297 quae
1000 4225 1138 4279 sunt
1193 4219 1454 4299 inprimis
1498 4219 1832 4300 frequentia
1872 4227 1932 4279 et
1958 4215 2115 4278 foeda
2157 4213 2217 4274 in
2259 4212 2356 4273 ed.
2392 4203 2567 4281 1473.

352 4313 624 4376 sineloci
644 4324 959 4397 nota,quoe
974 4323 1172 4378 tamen
1199 4317 1358 4379 solos
1377 4316 1457 4378 ¹de
1486 4319 1556 4390 R.
1590 4320 1671 4380 G:
1702 4315 1879 4378 libros'
1907 4316 2103 4377 babet.
2151 4312 2271 4377 Sed
2296 4313 2338 4373 ‘a
2357 4309 2566 4372 veteris
