3117 5025
562 422 737 490 1⁷20
1207 441 1265 491 s.
1312 439 1525 490 cans!
1578 433 2115 492 commun-mnu
2147 429 2154 436 '

561 607 762 669 gressu
790 588 1054 669 superior
1079 590 1371 670 equitatus
1398 592 1716 663 Romanus,
1758 613 1935 671 quem
1981 594 2183 654 Caesar
2221 592 2279 652 in
2323 600 2512 654 castra
2559 593 2764 673 proeliu

564 688 930 767 prosperiore
957 687 1240 749 reducere
1281 699 1591 750 contentus
1617 690 1776 751 suit:
1816 693 2011 751 hostes
2040 692 2140 751 ubi
2171 690 2578 752 intellexerunt
2611 687 2772 752 frus-

564 795 655 845 tra
682 803 745 844 se
782 786 1011 865 paludis
1038 788 1341 848 transitum
1384 800 1719 869 exspectare
1760 788 1975 849 flumen
2018 787 2291 848 ⁶0vadere
2337 789 2445 847 nisi
2483 797 2651 849 sunt:
2701 793 2770 848 ut

565 881 615 941 si
642 892 888 961 possent
914 884 1219 944 castellum
1249 905 1284 944 a
1311 887 1544 947 Titurio
1569 885 1921 947 ⁶¹incessum
1947 896 2219 966 caperent
2248 893 2608 965 pontemque
2636 883 2769 965 [46]

567 980 1018 1059 confringerent,
1073 979 1177 1042 ⁶²si
1229 982 1441 1054 minus,
1492 984 1685 1043 vicina
1732 1004 1874 1044 arva
1922 991 2212 1043 vastarent
2261 982 2534 1041 Romanis
2586 980 2767 1051 utilia,

565 1094 754 1155 eaque
809 1089 977 1155 parte
1028 1087 1302 1140 venturos
1357 1080 1768 1158 interciperent
1824 1088 2220 1141 commeatus:
2288 1079 2502 1139 certior
2555 1078 2631 1138 de
2684 1079 2769 1138 eis

564 1174 772 1233 Caesar
797 1194 832 1233 a
858 1175 1092 1235 Titurio
1119 1176 1387 1248 effectus,
1430 1176 1758 1255 equitatum
1787 1176 2094 1256 levemque
2123 1184 2473 1236 armaturam
2502 1174 2577 1234 ad
2622 1193 2773 1254 prae·

565 1268 779 1329 sidium
820 1271 934 1331 loci
961 1271 1164 1331 ducit:
1219 1272 1419 1349 ibique
1462 1272 1774 1332 durissimo
1821 1274 2014 1333 Marte
2061 1292 2415 1334 concursum
2452 1281 2572 1332 est:
2623 1271 2770 1331 dum

566 1366 818 1426 Romani
850 1369 1070 1445 primos
1102 1370 1296 1429 hostes
1322 1370 1379 1429 in
1424 1372 1663 1431 transitu
1705 1370 1952 1430 fluminis
1980 1379 2303 1450 occupatos
2341 1391 2375 1430 e
2401 1369 2530 1448 ripa
2556 1368 2771 1446 dejice-

569 1474 700 1522 rent
757 1463 1189 1542 caederentque‚
1235 1475 1296 1524 et
1350 1466 1648 1544 proximos
1704 1467 2026 1526 animosius
2071 1487 2247 1545 quam
2296 1465 2621 1527 consultius
2665 1484 2772 1544 per

561 1559 817 1638 priorum
849 1559 1129 1619 cadavera
1158 1569 1544 1635 transeuntes,
1592 1561 1769 1622 densa
1797 1563 2099 1623 missilium
2130 1565 2289 1623 nube
2316 1549 2772 1641 comprimerent

567 1653 1004 1735 ⁶³arcentesque
1029 1677 1045 1716 ε
1086 1668 1148 1718 et
1174 1659 1220 1716 si
1247 1659 1397 1719 sorte
1424 1661 1768 1720 transissent
1796 1662 1853 1719 in
1883 1670 2091 1740 aperto
2119 1662 2383 1721 inventos
2413 1678 2484 1720 ac
2512 1645 2776 1738 ''proeren-

566 1761 658 1812 tos
685 1751 1058 1827 occiderent3
1109 1756 1193 1817 sic
1221 1758 1434 1836 repulsi
1476 1758 1737 1836 undique
1777 1767 1837 1819 et
1873 1757 2150 1817 frumenti
2195 1758 2393 1836 inopia
2433 1756 2771 1816 laborantes

563 1852 860 1911 communi
888 1853 1135 1912 consilio
1165 1853 1548 1916 decreverunt
1584 1876 1781 1935 operae
1830 1855 2082 1938 pretium
2120 1854 2267 1926 fore,
2309 1862 2374 1914 ut
2420 1871 2564 1932 gens
2609 1871 2774 1929 quaes

562 1947 709 2007 libet
737 1949 793 2007 in
823 1968 987 2008 suam
1014 1951 1263 2028 patriam
1292 1952 1550 2012 rediret:
1597 1963 1657 2013 et
1685 1951 1781 2011 cui
1826 1951 2092 2010 Romani·
2120 1950 2374 2027 primum
2415 1967 2579 2008 arma
2621 1948 2776 2007 intu-

562 2043 788 2117 lissent,
831 2065 904 2105 eo
945 2066 1149 2107 omnes
1190 2059 1599 2108 accurrerent:
1652 2047 1882 2126 sibique
1926 2047 2174 2106 invicem
2226 2063 2399 2123 opem
2447 2043 2663 2103 ferrent
2711 2052 2772 2103 et

564 2139 685 2199 suis
713 2140 975 2218 frugibus
1002 2143 1334 2215 alerentur3
1379 2153 1440 2203 et
1480 2144 1600 2204 suis
1645 2145 1706 2202 in
1747 2143 1966 2203 finibus
2009 2141 2368 2221 potissimum
2409 2140 2773 2201 dimicarentz

566 2237 835 2297 Accessit
881 2238 957 2296 ad
1002 2239 1149 2298 alias
1192 2239 1535 2300 discedendi
1584 2258 1812 2311 causas,
1861 2240 2023 2318 quod
2079 2227 2606 2310 Divitiaeum,=cui
2654 2237 2772 2296 lioc

562 2334 857 2394 Caesarem
900 2334 1216 2412 imperasse
1263 2356 1442 2414 supra
1482 2336 1671 2409 retuli,
1721 2336 2168 2397 Bellovacorum
2217 2325 2379 2394 terris
2424 2334 2774 2411 obequitare

564 2442 968 2511 perceperant,
998 2442 1058 2492 et
1086 2431 1233 2492 ferre
1260 2433 1377 2493 suis
1405 2433 1683 2492 auxilium
1717 2432 1913 2491 utilius
1943 2430 2325 2503 extimabant,
2357 2450 2532 2511 quam
2561 2429 2773 2508 procul

566 2529 748 2589 doino
776 2550 911 2589 cum
943 2531 1217 2591 Romanis
1242 2552 1402 2591 arma
1432 2532 1720 2591 conferre.
1802 2532 2103 2592 Abeuntes
2150 2538 2325 2589 nocte
2361 2529 2522 2590 nullo
2569 2527 2773 2588 ordine

570 2627 914 2707 magnisque
942 2628 1299 2689 clamoribus
1341 2630 1639 2689 Caesarem
1664 2630 2041 2689 exciverunt:
2093 2627 2256 2687 ibant
2302 2636 2499 2686 autem
2540 2642 2657 2685 non
2685 2633 2773 2684 -ut

566 2724 670 2797 ire,
702 2723 803 2784 sed
836 2734 900 2784 ut
929 2723 1131 2805 fugere
1159 2726 1531 2786 viderentur:
1582 2728 1782 2805 itaque
1824 2726 2040 2787 veritus
2088 2723 2344 2794 insidias,
2390 2731 2454 2781 ut
2499 2721 2776 2800 qui-pro·-

494 2850 503 2859 -
566 2821 837 2882 fectionis
863 2823 1134 2883 idoneam
1164 2842 1400 2885 eausam
1430 2841 1546 2883 non
1577 2823 1820 2894 videret,
1863 2842 2000 2883 suos
2040 2822 2101 2881 in
2142 2820 2346 2880 castris
2387 2817 2550 2878 nullo
2585 2817 2776 2877 tenuit

569 2920 861 2979 tumultu:
919 2920 1021 2980 ubi
1052 2940 1170 2980 rem
1199 2940 1456 2993 omnem,
1499 2921 1655 2980 sicut
1687 2929 1833 2990 erat,
1879 2914 2525 2997 exploratorum-fides,
2560 2922 2642 2974 et›
2668 2914 2772 2973 lux

564 3016 975 3095 superveniens
1004 3017 1309 3096 patefecit,
1337 3021 1672 3097 equitatum
1716 3018 2046 3077 Romanum
2091 3014 2343 3074 bostium
2387 3006 2662 3091 vestigiis*
2687 3010 2776 3069 in-

567 3122 721 3172 stare
746 3125 808 3174 et
834 3115 1183 3174 novissimos
1215 3115 1510 3175 retardare
1540 3115 1806 3192 imperat.
1888 3111 2159 3188 Tresque
2187 3108 2324 3169 hine
2353 3102 2616 3186 legiones·
2633 3106 2777 3167 sub-

569 3210 769 3288 sequi:
820 3210 1125 3288 equitatui‚
1157 3213 1439 3282 Quintum
1470 3211 1740 3283 Pedium,
1768 3221 1829 3270 et
1865 3207 2165 3269 “Lucium
2197 3205 2592 3266 Araneuleum
2621 3204 2780 3264 Coc‘·

568 3315 729 3379 tam3
775 3308 1099 3388 legionibus
1133 3310 1327 3370 Titum
1358 3311 1682 3372 Labienum
1724 3306 2014 3389 praeficit:
2064 3304 2166 3384 qui
2207 3302 2610 3382 impigerrime·
2633 3318 2782 3379 pro-

567 3403 711 3465 fecti
735 3413 797 3465 et
825 3415 1107 3465 nocturna
1136 3406 1274 3485 fuga
1302 3406 1493 3469 fessos
1528 3427 1601 3466 ac
1630 3407 1924 3486 dispersos
1961 3403 2214 3463 assecuti
2250 3400 2557 3460 maximam
2586 3416 2657 3458 ex
2687 3396 2780 3457 bis

570 3511 825 3582 stragem
852 3501 1108 3577 edidere,
1152 3502 1294 3564 dum
1324 3506 1603 3566 resistunt
1630 3505 1816 3566 ultimi
1848 3511 2095 3580 cogente
2137 3498 2423 3578 periculo,
2469 3494 2641 3575 primi
2669 3512 2777 3554 au·-

567 3609 689 3660 tem
737 3599 993 3659 tumultu
1043 3600 1267 3661 eminus
1315 3602 1523 3663 audito
1572 3600 1740 3682 quasi
1788 3620 1882 3661 res
1927 3597 2004 3658 ad
2050 3616 2114 3656 se
2158 3594 2395 3654 minime
2438 3592 2777 3672 pertineret,

568 3697 712 3776 fuga
737 3696 848 3757 sibi
879 3697 1132 3777 quisque
1160 3701 1527 3762 consuleret:
1575 3700 1714 3779 [47]
1757 3698 1839 3758 ita
1881 3694 1969 3756 his
2016 3691 2379 3773 urgentibus,
2425 3688 2535 3749 illis
2573 3699 2775 3749 autem

567 3793 660 3853 vel
698 3812 846 3853 vane
884 3795 1295 3857 resistentibus
1337 3797 1428 3856 vel
1475 3797 1650 3876 plane
1678 3794 1710 3826 '⁵
1737 3791 2117 3854 reddentibus
2165 3791 2290 3869 ipsa
2335 3785 2617 3867 quidemz
2671 3780 2777 3844 sed

570 3908 746 3967 quam
776 3891 954 3970 longa
978 3891 1106 3955 dies
1132 3902 1248 3954 tam
1281 3895 1457 3971 longa
1485 3892 1599 3954 fuit
1625 3893 1803 3953 etiam
1827 3889 2129 3951 hominum
2155 3885 2385 3948 coedes:
2421 3901 2552 3943 sero
2577 3889 2779 3941 autem

570 3986 824 4046 Romani
866 3991 922 4047 iu
965 3999 1158 4050 castra
1198 3989 1354 4064 fessi,
1406 4002 1471 4050 ut
1510 4010 1783 4070 auguror,
1829 3999 1890 4051 et
1924 3986 2140 4067 jejuni,
2186 3984 2271 4044 sui
2320 3980 2485 4041 ducis
2529 3974 2778 4054 imperio

567 4081 811 4145 rediere.
892 4084 1179 4149 Triduum
1208 4087 1331 4147 illie
1358 4088 1476 4166 egit
1505 4090 1742 4151 Caesar.
1785 4086 1888 4148 abi
1917 4086 2116 4145 hostes
2137 4081 2278 4160 fuga
2301 4075 2608 4138 evanuisse
2629 4083 2784 4153 cog·-

631 4246 699 4295 ω
720 4244 896 4311 Forte,
914 4248 1243 4300 naam-er
1260 4240 1819 4315 aegeam-os
1827 4243 2260 4312 rorte,·t·.-ss
2279 4238 2786 4307 mammos

569 4326 1726 4394 *stammana-nummum.
2815 4340 2834 4359 ·’
