<?xml version="1.0" encoding="UTF-8"?>
<!DOCTYPE html PUBLIC "-//W3C//DTD XHTML 1.0 Transitional//EN"
    "http://www.w3.org/TR/xhtml1/DTD/xhtml1-transitional.dtd">
<html xmlns="http://www.w3.org/1999/xhtml" xml:lang="en" lang="en">
 <head>
  <title>
</title>
<meta http-equiv="Content-Type" content="text/html;charset=utf-8" />
  <meta name='ocr-system' content='tesseract 3.04.00' />
  <meta name='ocr-capabilities' content='ocr_page ocr_carea ocr_par ocr_line ocrx_word'/>
</head>
<body>
  <div class='ocr_page' id='page_1' title='image "./cjuliicaesariso00caesgoog/cjuliicaesariso00caesgoog_0140.png"; bbox 0 0 3117 5025; ppageno 0'>
   <div class='ocr_carea' id='block_1_1' title="bbox 625 403 2206 472">
    <p class='ocr_par' dir='ltr' id='par_1_1' title="bbox 625 403 2206 472">
     <span class='ocr_line' id='line_1_1' title="bbox 625 403 2206 472; baseline -0.003 -2"><span class='ocrx_word' id='word_1_1' title='bbox 625 403 799 472; x_wconf 77' lang='lat'>1812</span> <span class='ocrx_word' id='word_1_2' title='bbox 1273 417 1331 467; x_wconf 79' lang='lat' dir='ltr'>J.</span> <span class='ocrx_word' id='word_1_3' title='bbox 1380 417 1592 468; x_wconf 64' lang='lat' dir='ltr'>cust</span> <span class='ocrx_word' id='word_1_4' title='bbox 1641 405 2206 468; x_wconf 69' lang='lat' dir='ltr'><strong>COMMENTARU&#39;</strong></span> 
     </span>
    </p>
   </div>
   <div class='ocr_carea' id='block_1_2' title="bbox 628 568 2823 651">
    <p class='ocr_par' dir='ltr' id='par_1_2' title="bbox 628 568 2823 651">
     <span class='ocr_line' id='line_1_2' title="bbox 628 568 2823 651; baseline -0.004 -16"><span class='ocrx_word' id='word_1_5' title='bbox 628 587 691 635; x_wconf 88' lang='lat' dir='ltr'>ut</span> <span class='ocrx_word' id='word_1_6' title='bbox 722 596 784 635; x_wconf 89' lang='lat' dir='ltr'>se</span> <span class='ocrx_word' id='word_1_7' title='bbox 812 572 1072 642; x_wconf 79' lang='lat' dir='ltr'>dederet,</span> <span class='ocrx_word' id='word_1_8' title='bbox 1122 590 1390 651; x_wconf 84' lang='lat' dir='ltr'>pugnans</span> <span class='ocrx_word' id='word_1_9' title='bbox 1433 571 1577 631; x_wconf 88' lang='lat' dir='ltr'>mori</span> <span class='ocrx_word' id='word_1_10' title='bbox 1619 570 1863 642; x_wconf 71' lang='lat' dir='ltr'>maluit:</span> <span class='ocrx_word' id='word_1_11' title='bbox 1904 570 2074 630; x_wconf 77' lang='lat' dir='ltr'>fracti</span> <span class='ocrx_word' id='word_1_12' title='bbox 2115 589 2188 636; x_wconf 78' lang='lat' dir='ltr'>ac</span> <span class='ocrx_word' id='word_1_13' title='bbox 2215 568 2428 646; x_wconf 79' lang='lat' dir='ltr'>dejecti</span> <span class='ocrx_word' id='word_1_14' title='bbox 2456 568 2668 629; x_wconf 70' lang='lat' dir='ltr'>animis</span> <span class='ocrx_word' id='word_1_15' title='bbox 2696 589 2823 628; x_wconf 86' lang='lat' dir='ltr'>cum</span> 
     </span>
    </p>
   </div>
   <div class='ocr_carea' id='block_1_3' title="bbox 527 665 2824 747">
    <p class='ocr_par' dir='ltr' id='par_1_3' title="bbox 527 665 2824 747">
     <span class='ocr_line' id='line_1_3' title="bbox 527 665 2824 747; baseline -0.004 -13"><span class='ocrx_word' id='word_1_16' title='bbox 527 676 531 679; x_wconf 72' lang='grc'><strong><em>’</em></strong></span> <span class='ocrx_word' id='word_1_17' title='bbox 625 674 829 733; x_wconf 85' lang='lat' dir='ltr'>adesse</span> <span class='ocrx_word' id='word_1_18' title='bbox 868 673 1159 732; x_wconf 83' lang='lat' dir='ltr'>Caesarem</span> <span class='ocrx_word' id='word_1_19' title='bbox 1214 668 1516 739; x_wconf 72' lang='lat' dir='ltr'>audirent:</span> <span class='ocrx_word' id='word_1_20' title='bbox 1562 668 1837 747; x_wconf 81' lang='lat' dir='ltr'>clangore</span> <span class='ocrx_word' id='word_1_21' title='bbox 1883 667 2154 727; x_wconf 85' lang='lat' dir='ltr'>tubarum</span> <span class='ocrx_word' id='word_1_22' title='bbox 2184 666 2345 726; x_wconf 79' lang='lat' dir='ltr'>velut</span> <span class='ocrx_word' id='word_1_23' title='bbox 2391 665 2466 725; x_wconf 87' lang='lat' dir='ltr'>ad</span> <span class='ocrx_word' id='word_1_24' title='bbox 2514 665 2824 725; x_wconf 84' lang='lat' dir='ltr'>consilinm</span> 
     </span>
    </p>
   </div>
   <div class='ocr_carea' id='block_1_4' title="bbox 554 762 2884 4056">
    <p class='ocr_par' dir='ltr' id='par_1_4' title="bbox 554 762 2884 4056">
     <span class='ocr_line' id='line_1_4' title="bbox 626 762 2827 849; baseline -0.003 -20"><span class='ocrx_word' id='word_1_25' title='bbox 626 768 984 849; x_wconf 74' lang='lat' dir='ltr'>congregati,</span> <span class='ocrx_word' id='word_1_26' title='bbox 1015 763 1272 826; x_wconf 83' lang='lat' dir='ltr'>unanimi</span> <span class='ocrx_word' id='word_1_27' title='bbox 1291 764 1547 826; x_wconf 88' lang='lat' dir='ltr'>clamore</span> <span class='ocrx_word' id='word_1_28' title='bbox 1576 764 1872 825; x_wconf 84' lang='lat' dir='ltr'>diffiniunt</span> <span class='ocrx_word' id='word_1_29' title='bbox 1892 763 2207 824; x_wconf 87' lang='lat' dir='ltr'>mittendos</span> <span class='ocrx_word' id='word_1_30' title='bbox 2235 762 2309 823; x_wconf 89' lang='lat' dir='ltr'>ad</span> <span class='ocrx_word' id='word_1_31' title='bbox 2333 781 2467 822; x_wconf 89' lang='lat' dir='ltr'>eum</span> <span class='ocrx_word' id='word_1_32' title='bbox 2497 763 2740 823; x_wconf 86' lang='lat' dir='ltr'>obsides</span> <span class='ocrx_word' id='word_1_33' title='bbox 2758 779 2827 822; x_wconf 81' lang='lat' dir='ltr'>ac</span> 
     </span>
     <span class='ocr_line' id='line_1_5' title="bbox 627 860 2830 947; baseline -0.004 -19"><span class='ocrx_word' id='word_1_34' title='bbox 627 869 875 947; x_wconf 85' lang='lat' dir='ltr'>legatos,</span> <span class='ocrx_word' id='word_1_35' title='bbox 896 863 1070 943; x_wconf 83' lang='lat'><strong>[164]</strong></span> <span class='ocrx_word' id='word_1_36' title='bbox 1088 875 1406 942; x_wconf 85' lang='lat' dir='ltr'>notamque</span> <span class='ocrx_word' id='word_1_37' title='bbox 1435 862 1988 942; x_wconf 45' lang='lat' dir='ltr'>ad0misericordiam</span> <span class='ocrx_word' id='word_1_38' title='bbox 2019 860 2470 922; x_wconf 77' lang='lat' dir='ltr'>convolandum.</span> <span class='ocrx_word' id='word_1_39' title='bbox 2514 861 2728 920; x_wconf 83' lang='lat' dir='ltr'>Nullus</span> <span class='ocrx_word' id='word_1_40' title='bbox 2755 860 2830 920; x_wconf 85' lang='lat' dir='ltr'>ab</span> 
     </span>
     <span class='ocr_line' id='line_1_6' title="bbox 554 957 2832 1042; baseline -0.003 -17"><span class='ocrx_word' id='word_1_41' title='bbox 554 1021 571 1042; x_wconf 77' lang='lat'>,</span> <span class='ocrx_word' id='word_1_42' title='bbox 626 966 741 1025; x_wconf 81' lang='lat' dir='ltr'>hoc</span> <span class='ocrx_word' id='word_1_43' title='bbox 770 961 1012 1024; x_wconf 89' lang='lat' dir='ltr'>consilio</span> <span class='ocrx_word' id='word_1_44' title='bbox 1039 959 1309 1020; x_wconf 70' lang='lat' dir='ltr'>dissensit</span> <span class='ocrx_word' id='word_1_45' title='bbox 1340 968 1556 1038; x_wconf 64' lang='lat' dir='ltr'>praeter</span> <span class='ocrx_word' id='word_1_46' title='bbox 1585 979 1763 1020; x_wconf 87' lang='lat' dir='ltr'>unum</span> <span class='ocrx_word' id='word_1_47' title='bbox 1791 960 2084 1031; x_wconf 87' lang='lat' dir='ltr'>Comium,</span> <span class='ocrx_word' id='word_1_48' title='bbox 2128 959 2228 1038; x_wconf 86' lang='lat' dir='ltr'>qui</span> <span class='ocrx_word' id='word_1_49' title='bbox 2278 968 2436 1019; x_wconf 89' lang='lat' dir='ltr'>metu</span> <span class='ocrx_word' id='word_1_50' title='bbox 2487 957 2650 1037; x_wconf 85' lang='lat' dir='ltr'>digni</span> <span class='ocrx_word' id='word_1_51' title='bbox 2698 975 2832 1036; x_wconf 78' lang='lat' dir='ltr'>sup-</span> 
     </span>
     <span class='ocr_line' id='line_1_7' title="bbox 624 1055 2832 1142; baseline -0.003 -21"><span class='ocrx_word' id='word_1_52' title='bbox 624 1061 783 1142; x_wconf 79' lang='lat' dir='ltr'>plicii</span> <span class='ocrx_word' id='word_1_53' title='bbox 821 1059 959 1139; x_wconf 79' lang='lat' dir='ltr'>suga</span> <span class='ocrx_word' id='word_1_54' title='bbox 999 1056 1353 1118; x_wconf 87' lang='lat' dir='ltr'>deditionem</span> <span class='ocrx_word' id='word_1_55' title='bbox 1383 1055 1718 1127; x_wconf 75' lang='lat' dir='ltr'>declinavit,</span> <span class='ocrx_word' id='word_1_56' title='bbox 1774 1064 1954 1134; x_wconf 81' lang='lat' dir='ltr'>atque</span> <span class='ocrx_word' id='word_1_57' title='bbox 1994 1055 2070 1114; x_wconf 87' lang='lat' dir='ltr'>ad</span> <span class='ocrx_word' id='word_1_58' title='bbox 2100 1058 2427 1116; x_wconf 84' lang='lat' dir='ltr'>Germanos</span> <span class='ocrx_word' id='word_1_59' title='bbox 2472 1074 2536 1114; x_wconf 82' lang='lat' dir='ltr'>se</span> <span class='ocrx_word' id='word_1_60' title='bbox 2579 1055 2832 1116; x_wconf 84' lang='lat' dir='ltr'>contulit</span> 
     </span>
     <span class='ocr_line' id='line_1_8' title="bbox 624 1152 2829 1236; baseline -0.004 -16"><span class='ocrx_word' id='word_1_61' title='bbox 624 1160 784 1221; x_wconf 89' lang='lat' dir='ltr'>unde</span> <span class='ocrx_word' id='word_1_62' title='bbox 808 1156 1138 1236; x_wconf 84' lang='lat' dir='ltr'>⁶²equitum</span> <span class='ocrx_word' id='word_1_63' title='bbox 1180 1173 1366 1232; x_wconf 85' lang='lat' dir='ltr'>nuper</span> <span class='ocrx_word' id='word_1_64' title='bbox 1390 1152 1736 1213; x_wconf 79' lang='lat' dir='ltr'>adduxerat.</span> <span class='ocrx_word' id='word_1_65' title='bbox 1820 1154 2019 1232; x_wconf 77' lang='lat' dir='ltr'>Legati</span> <span class='ocrx_word' id='word_1_66' title='bbox 2048 1173 2184 1212; x_wconf 87' lang='lat' dir='ltr'>cum</span> <span class='ocrx_word' id='word_1_67' title='bbox 2214 1152 2286 1212; x_wconf 91' lang='lat' dir='ltr'>ad</span> <span class='ocrx_word' id='word_1_68' title='bbox 2320 1153 2612 1212; x_wconf 64' lang='lat' dir='ltr'>Caesarem</span> <span class='ocrx_word' id='word_1_69' title='bbox 2641 1154 2829 1212; x_wconf 82' lang='lat' dir='ltr'>venis-</span> 
     </span>
     <span class='ocr_line' id='line_1_9' title="bbox 625 1248 2828 1333; baseline -0.004 -16"><span class='ocrx_word' id='word_1_70' title='bbox 625 1266 755 1318; x_wconf 81' lang='lat' dir='ltr'>seut</span> <span class='ocrx_word' id='word_1_71' title='bbox 783 1253 859 1314; x_wconf 86' lang='lat' dir='ltr'>ad</span> <span class='ocrx_word' id='word_1_72' title='bbox 890 1271 1077 1333; x_wconf 85' lang='lat' dir='ltr'>genua</span> <span class='ocrx_word' id='word_1_73' title='bbox 1104 1249 1401 1329; x_wconf 81' lang='lat' dir='ltr'>provoluti</span> <span class='ocrx_word' id='word_1_74' title='bbox 1430 1249 1605 1308; x_wconf 85' lang='lat' dir='ltr'>verba</span> <span class='ocrx_word' id='word_1_75' title='bbox 1638 1250 1692 1307; x_wconf 86' lang='lat' dir='ltr'>in</span> <span class='ocrx_word' id='word_1_76' title='bbox 1721 1250 1873 1310; x_wconf 84' lang='lat' dir='ltr'>hanc</span> <span class='ocrx_word' id='word_1_77' title='bbox 1899 1248 2147 1310; x_wconf 56' lang='lat' dir='ltr'>&amp;fixere</span> <span class='ocrx_word' id='word_1_78' title='bbox 2175 1250 2539 1310; x_wconf 73' lang='lat' dir='ltr'>sementiam.</span> <span class='ocrx_word' id='word_1_79' title='bbox 2595 1250 2828 1310; x_wconf 75' lang='lat' dir='ltr'>‘Parce</span> 
     </span>
     <span class='ocr_line' id='line_1_10' title="bbox 622 1346 2831 1432; baseline -0.005 -16"><span class='ocrx_word' id='word_1_80' title='bbox 622 1357 822 1417; x_wconf 69' lang='lat' dir='ltr'>Caesar</span> <span class='ocrx_word' id='word_1_81' title='bbox 861 1367 1058 1432; x_wconf 87' lang='lat' dir='ltr'>parce,</span> <span class='ocrx_word' id='word_1_82' title='bbox 1104 1367 1218 1407; x_wconf 89' lang='lat' dir='ltr'>non</span> <span class='ocrx_word' id='word_1_83' title='bbox 1259 1357 1504 1426; x_wconf 84' lang='lat' dir='ltr'>propter</span> <span class='ocrx_word' id='word_1_84' title='bbox 1544 1346 1862 1423; x_wconf 73' lang='lat' dir='ltr'>degeneres</span> <span class='ocrx_word' id='word_1_85' title='bbox 1891 1355 2060 1406; x_wconf 88' lang='lat' dir='ltr'>actus</span> <span class='ocrx_word' id='word_1_86' title='bbox 2089 1358 2317 1408; x_wconf 82' lang='lat' dir='ltr'>nostros</span> <span class='ocrx_word' id='word_1_87' title='bbox 2344 1355 2505 1406; x_wconf 84' lang='lat' dir='ltr'>tuam</span> <span class='ocrx_word' id='word_1_88' title='bbox 2537 1346 2831 1407; x_wconf 82' lang='lat' dir='ltr'>nobilissi-</span> 
     </span>
     <span class='ocr_line' id='line_1_11' title="bbox 621 1442 2830 1525; baseline -0.004 -13"><span class='ocrx_word' id='word_1_89' title='bbox 621 1471 777 1512; x_wconf 86' lang='lat' dir='ltr'>mam</span> <span class='ocrx_word' id='word_1_90' title='bbox 806 1465 1118 1525; x_wconf 80' lang='lat' dir='ltr'>corrumpe</span> <span class='ocrx_word' id='word_1_91' title='bbox 1145 1454 1448 1504; x_wconf 85' lang='lat' dir='ltr'>naturam:</span> <span class='ocrx_word' id='word_1_92' title='bbox 1491 1442 1600 1502; x_wconf 85' lang='lat' dir='ltr'>nisi</span> <span class='ocrx_word' id='word_1_93' title='bbox 1645 1452 1962 1521; x_wconf 76' lang='lat' dir='ltr'>peccarent</span> <span class='ocrx_word' id='word_1_94' title='bbox 2002 1443 2287 1513; x_wconf 83' lang='lat' dir='ltr'>homiues,</span> <span class='ocrx_word' id='word_1_95' title='bbox 2343 1443 2531 1523; x_wconf 84' lang='lat' dir='ltr'>segnis</span> <span class='ocrx_word' id='word_1_96' title='bbox 2571 1453 2732 1503; x_wconf 81' lang='lat' dir='ltr'>essct</span> <span class='ocrx_word' id='word_1_97' title='bbox 2769 1453 2830 1503; x_wconf 88' lang='lat' dir='ltr'>et</span> 
     </span>
     <span class='ocr_line' id='line_1_12' title="bbox 619 1539 2826 1619; baseline -0.004 -10"><span class='ocrx_word' id='word_1_98' title='bbox 619 1549 810 1609; x_wconf 87' lang='lat' dir='ltr'>otiosa</span> <span class='ocrx_word' id='word_1_99' title='bbox 835 1544 1160 1616; x_wconf 85' lang='lat' dir='ltr'>clementia,</span> <span class='ocrx_word' id='word_1_100' title='bbox 1193 1559 1327 1619; x_wconf 79' lang='lat' dir='ltr'>quae</span> <span class='ocrx_word' id='word_1_101' title='bbox 1354 1559 1470 1598; x_wconf 89' lang='lat' dir='ltr'>non</span> <span class='ocrx_word' id='word_1_102' title='bbox 1498 1539 1688 1599; x_wconf 85' lang='lat' dir='ltr'>minus</span> <span class='ocrx_word' id='word_1_103' title='bbox 1717 1549 1882 1600; x_wconf 89' lang='lat' dir='ltr'>tuum</span> <span class='ocrx_word' id='word_1_104' title='bbox 1911 1555 2125 1600; x_wconf 87' lang='lat' dir='ltr'>nomen</span> <span class='ocrx_word' id='word_1_105' title='bbox 2154 1557 2329 1619; x_wconf 82' lang='lat' dir='ltr'>qnam</span> <span class='ocrx_word' id='word_1_106' title='bbox 2359 1559 2563 1604; x_wconf 80' lang='lat' dir='ltr'>omnes</span> <span class='ocrx_word' id='word_1_107' title='bbox 2595 1540 2826 1602; x_wconf 62' lang='lat' dir='ltr'>bellica</span> 
     </span>
     <span class='ocr_line' id='line_1_13' title="bbox 621 1636 2829 1718; baseline -0.004 -12"><span class='ocrx_word' id='word_1_108' title='bbox 621 1645 825 1706; x_wconf 81' lang='lat' dir='ltr'>laudes</span> <span class='ocrx_word' id='word_1_109' title='bbox 854 1658 1173 1718; x_wconf 84' lang='lat' dir='ltr'>omnesque</span> <span class='ocrx_word' id='word_1_110' title='bbox 1202 1638 1463 1698; x_wconf 67' lang='lat' dir='ltr'>victoriae</span> <span class='ocrx_word' id='word_1_111' title='bbox 1491 1636 1713 1697; x_wconf 84' lang='lat' dir='ltr'>clarum</span> <span class='ocrx_word' id='word_1_112' title='bbox 1745 1637 1903 1698; x_wconf 82' lang='lat' dir='ltr'>fecit.</span> <span class='ocrx_word' id='word_1_113' title='bbox 1990 1639 2081 1698; x_wconf 79' lang='lat' dir='ltr'>Da</span> <span class='ocrx_word' id='word_1_114' title='bbox 2112 1639 2336 1699; x_wconf 83' lang='lat' dir='ltr'>veniam</span> <span class='ocrx_word' id='word_1_115' title='bbox 2366 1638 2662 1698; x_wconf 88' lang='lat' dir='ltr'>erroribus</span> <span class='ocrx_word' id='word_1_116' title='bbox 2697 1656 2829 1698; x_wconf 77' lang='lat' dir='ltr'>nos-</span> 
     </span>
     <span class='ocr_line' id='line_1_14' title="bbox 619 1734 2825 1819; baseline -0.005 -16"><span class='ocrx_word' id='word_1_117' title='bbox 619 1743 742 1812; x_wconf 59' lang='lat' dir='ltr'>tris»,</span> <span class='ocrx_word' id='word_1_118' title='bbox 793 1759 982 1819; x_wconf 82' lang='lat' dir='ltr'>eoque</span> <span class='ocrx_word' id='word_1_119' title='bbox 1027 1735 1323 1815; x_wconf 83' lang='lat' dir='ltr'>supplicio</span> <span class='ocrx_word' id='word_1_120' title='bbox 1365 1742 1676 1794; x_wconf 84' lang='lat' dir='ltr'>contentus</span> <span class='ocrx_word' id='word_1_121' title='bbox 1717 1744 1866 1806; x_wconf 88' lang='lat' dir='ltr'>esto,</span> <span class='ocrx_word' id='word_1_122' title='bbox 1921 1735 2082 1813; x_wconf 79' lang='lat' dir='ltr'>quod</span> <span class='ocrx_word' id='word_1_123' title='bbox 2124 1735 2239 1813; x_wconf 87' lang='lat' dir='ltr'>ipsi</span> <span class='ocrx_word' id='word_1_124' title='bbox 2280 1735 2452 1794; x_wconf 80' lang='lat' dir='ltr'>nobis</span> <span class='ocrx_word' id='word_1_125' title='bbox 2504 1734 2825 1802; x_wconf 75' lang='lat' dir='ltr'>intulimus,</span> 
     </span>
     <span class='ocr_line' id='line_1_15' title="bbox 621 1831 2825 1919; baseline -0.003 -19"><span class='ocrx_word' id='word_1_126' title='bbox 621 1838 782 1919; x_wconf 85' lang='lat' dir='ltr'>quod</span> <span class='ocrx_word' id='word_1_127' title='bbox 817 1847 880 1897; x_wconf 91' lang='lat' dir='ltr'>tu</span> <span class='ocrx_word' id='word_1_128' title='bbox 910 1853 1229 1913; x_wconf 81' lang='lat' dir='ltr'>nunquam,</span> <span class='ocrx_word' id='word_1_129' title='bbox 1259 1832 1308 1891; x_wconf 90' lang='lat' dir='ltr'>si</span> <span class='ocrx_word' id='word_1_130' title='bbox 1336 1831 1484 1892; x_wconf 87' lang='lat' dir='ltr'>bene</span> <span class='ocrx_word' id='word_1_131' title='bbox 1514 1840 1570 1891; x_wconf 89' lang='lat' dir='ltr'>te</span> <span class='ocrx_word' id='word_1_132' title='bbox 1597 1831 1881 1902; x_wconf 82' lang='lat' dir='ltr'>novimus,</span> <span class='ocrx_word' id='word_1_133' title='bbox 1922 1833 2238 1893; x_wconf 75' lang='lat' dir='ltr'>intulisses:</span> <span class='ocrx_word' id='word_1_134' title='bbox 2283 1832 2679 1910; x_wconf 80' lang='lat' dir='ltr'>peccavimus,</span> <span class='ocrx_word' id='word_1_135' title='bbox 2709 1849 2825 1894; x_wconf 84' lang='lat' dir='ltr'>nou</span> 
     </span>
     <span class='ocr_line' id='line_1_16' title="bbox 616 1929 2822 2016; baseline -0.003 -19"><span class='ocrx_word' id='word_1_136' title='bbox 616 1955 925 2016; x_wconf 79' lang='lat' dir='ltr'>negamus:</span> <span class='ocrx_word' id='word_1_137' title='bbox 971 1931 1070 1992; x_wconf 82' lang='lat' dir='ltr'>sed</span> <span class='ocrx_word' id='word_1_138' title='bbox 1114 1930 1346 2011; x_wconf 85' lang='lat' dir='ltr'>peccati</span> <span class='ocrx_word' id='word_1_139' title='bbox 1388 1929 1571 1990; x_wconf 76' lang='lat' dir='ltr'>nostri</span> <span class='ocrx_word' id='word_1_140' title='bbox 1598 1929 1964 2008; x_wconf 79' lang='lat' dir='ltr'>gravissimas</span> <span class='ocrx_word' id='word_1_141' title='bbox 2007 1947 2206 2007; x_wconf 86' lang='lat' dir='ltr'>poenas</span> <span class='ocrx_word' id='word_1_142' title='bbox 2235 1929 2478 1990; x_wconf 83' lang='lat' dir='ltr'>damus:</span> <span class='ocrx_word' id='word_1_143' title='bbox 2522 1930 2822 1991; x_wconf 79' lang='lat' dir='ltr'>amisimus</span> 
     </span>
     <span class='ocr_line' id='line_1_17' title="bbox 617 2026 2884 2113; baseline -0.003 -19"><span class='ocrx_word' id='word_1_144' title='bbox 617 2053 758 2113; x_wconf 81' lang='lat' dir='ltr'>opes</span> <span class='ocrx_word' id='word_1_145' title='bbox 798 2040 1019 2091; x_wconf 88' lang='lat' dir='ltr'>nostras</span> <span class='ocrx_word' id='word_1_146' title='bbox 1061 2040 1122 2090; x_wconf 86' lang='lat' dir='ltr'>et</span> <span class='ocrx_word' id='word_1_147' title='bbox 1175 2033 1461 2088; x_wconf 82' lang='lat' dir='ltr'>vetustam</span> <span class='ocrx_word' id='word_1_148' title='bbox 1503 2026 1769 2105; x_wconf 84' lang='lat' dir='ltr'>gloriam,</span> <span class='ocrx_word' id='word_1_149' title='bbox 1810 2036 1871 2086; x_wconf 86' lang='lat' dir='ltr'>et</span> <span class='ocrx_word' id='word_1_150' title='bbox 1912 2037 2124 2086; x_wconf 81' lang='lat' dir='ltr'>matres</span> <span class='ocrx_word' id='word_1_151' title='bbox 2170 2037 2232 2087; x_wconf 90' lang='lat' dir='ltr'>et</span> <span class='ocrx_word' id='word_1_152' title='bbox 2285 2027 2438 2086; x_wconf 80' lang='lat' dir='ltr'>viros</span> <span class='ocrx_word' id='word_1_153' title='bbox 2487 2027 2825 2089; x_wconf 83' lang='lat' dir='ltr'>amisimus:</span> <span class='ocrx_word' id='word_1_154' title='bbox 2876 2032 2884 2040; x_wconf 91' lang='lat'>&#39;</span> 
     </span>
     <span class='ocr_line' id='line_1_18' title="bbox 619 2124 2824 2206; baseline -0.003 -15"><span class='ocrx_word' id='word_1_155' title='bbox 619 2131 763 2192; x_wconf 86' lang='lat' dir='ltr'>nibil</span> <span class='ocrx_word' id='word_1_156' title='bbox 791 2128 960 2189; x_wconf 92' lang='lat' dir='ltr'>nobis</span> <span class='ocrx_word' id='word_1_157' title='bbox 985 2136 1074 2187; x_wconf 87' lang='lat' dir='ltr'>est</span> <span class='ocrx_word' id='word_1_158' title='bbox 1104 2125 1307 2205; x_wconf 84' lang='lat' dir='ltr'>reliqui</span> <span class='ocrx_word' id='word_1_159' title='bbox 1335 2134 1549 2205; x_wconf 78' lang='lat' dir='ltr'>praeter</span> <span class='ocrx_word' id='word_1_160' title='bbox 1576 2135 1737 2184; x_wconf 87' lang='lat' dir='ltr'>tuam</span> <span class='ocrx_word' id='word_1_161' title='bbox 1767 2124 2264 2185; x_wconf 82' lang='lat' dir='ltr'>misericordiam:</span> <span class='ocrx_word' id='word_1_162' title='bbox 2309 2124 2383 2184; x_wconf 91' lang='lat' dir='ltr'>de</span> <span class='ocrx_word' id='word_1_163' title='bbox 2409 2124 2512 2185; x_wconf 90' lang='lat' dir='ltr'>illo</span> <span class='ocrx_word' id='word_1_164' title='bbox 2532 2126 2660 2186; x_wconf 86' lang='lat' dir='ltr'>solo</span> <span class='ocrx_word' id='word_1_165' title='bbox 2689 2145 2824 2206; x_wconf 84' lang='lat' dir='ltr'>spe·</span> 
     </span>
     <span class='ocr_line' id='line_1_19' title="bbox 616 2219 2824 2305; baseline -0.002 -16"><span class='ocrx_word' id='word_1_166' title='bbox 616 2245 815 2289; x_wconf 87' lang='lat' dir='ltr'>ramus</span> <span class='ocrx_word' id='word_1_167' title='bbox 839 2245 1013 2305; x_wconf 81' lang='lat' dir='ltr'>quern</span> <span class='ocrx_word' id='word_1_168' title='bbox 1043 2219 1432 2283; x_wconf 80' lang='lat' dir='ltr'>offendimus:</span> <span class='ocrx_word' id='word_1_169' title='bbox 1477 2222 1591 2281; x_wconf 86' lang='lat' dir='ltr'>boc</span> <span class='ocrx_word' id='word_1_170' title='bbox 1621 2219 1798 2280; x_wconf 83' lang='lat' dir='ltr'>tantis</span> <span class='ocrx_word' id='word_1_171' title='bbox 1829 2221 1889 2280; x_wconf 90' lang='lat' dir='ltr'>iu</span> <span class='ocrx_word' id='word_1_172' title='bbox 1920 2221 2085 2281; x_wconf 82' lang='lat' dir='ltr'>malis</span> <span class='ocrx_word' id='word_1_173' title='bbox 2116 2221 2254 2280; x_wconf 90' lang='lat' dir='ltr'>boui</span> <span class='ocrx_word' id='word_1_174' title='bbox 2295 2230 2405 2293; x_wconf 89' lang='lat' dir='ltr'>est,</span> <span class='ocrx_word' id='word_1_175' title='bbox 2453 2221 2616 2301; x_wconf 90' lang='lat' dir='ltr'>quod</span> <span class='ocrx_word' id='word_1_176' title='bbox 2649 2223 2824 2284; x_wconf 51' lang='lat' dir='ltr'>&amp;mul</span> 
     </span>
     <span class='ocr_line' id='line_1_20' title="bbox 617 2316 2823 2399; baseline -0.002 -13"><span class='ocrx_word' id='word_1_177' title='bbox 617 2334 679 2386; x_wconf 90' lang='lat' dir='ltr'>et</span> <span class='ocrx_word' id='word_1_178' title='bbox 733 2324 1000 2384; x_wconf 80' lang='lat' dir='ltr'>Gorbeus</span> <span class='ocrx_word' id='word_1_179' title='bbox 1056 2320 1245 2382; x_wconf 87' lang='lat' dir='ltr'>omnis</span> <span class='ocrx_word' id='word_1_180' title='bbox 1294 2318 1432 2379; x_wconf 87' lang='lat' dir='ltr'>mali</span> <span class='ocrx_word' id='word_1_181' title='bbox 1481 2318 2042 2390; x_wconf 53' lang='lat' dir='ltr'>auctoroccnbuit,</span> <span class='ocrx_word' id='word_1_182' title='bbox 2093 2335 2215 2397; x_wconf 79' lang='lat' dir='ltr'>quo</span> <span class='ocrx_word' id='word_1_183' title='bbox 2257 2316 2470 2396; x_wconf 82' lang='lat' dir='ltr'>sospite</span> <span class='ocrx_word' id='word_1_184' title='bbox 2493 2316 2823 2399; x_wconf 68' lang='lat' dir='ltr'>&lt;5*unquam</span> 
     </span>
     <span class='ocr_line' id='line_1_21' title="bbox 614 2416 2824 2499; baseline -0.001 -17"><span class='ocrx_word' id='word_1_185' title='bbox 614 2421 786 2483; x_wconf 85' lang='lat' dir='ltr'>nobis</span> <span class='ocrx_word' id='word_1_186' title='bbox 814 2420 1151 2499; x_wconf 73' lang='lat' dir='ltr'>resipiscere</span> <span class='ocrx_word' id='word_1_187' title='bbox 1170 2417 1448 2478; x_wconf 78' lang='lat' dir='ltr'>licuisset:</span> <span class='ocrx_word' id='word_1_188' title='bbox 1481 2416 1575 2476; x_wconf 82' lang='lat' dir='ltr'>illc</span> <span class='ocrx_word' id='word_1_189' title='bbox 1603 2416 1841 2496; x_wconf 85' lang='lat' dir='ltr'>plebem</span> <span class='ocrx_word' id='word_1_190' title='bbox 1864 2417 2128 2477; x_wconf 79' lang='lat' dir='ltr'>miseram</span> <span class='ocrx_word' id='word_1_191' title='bbox 2154 2433 2537 2496; x_wconf 83' lang='lat' dir='ltr'>quocumque</span> <span class='ocrx_word' id='word_1_192' title='bbox 2565 2417 2824 2479; x_wconf 82' lang='lat' dir='ltr'>libuerat</span> 
     </span>
     <span class='ocr_line' id='line_1_22' title="bbox 616 2511 2821 2596; baseline -0.002 -15"><span class='ocrx_word' id='word_1_193' title='bbox 616 2518 975 2581; x_wconf 70' lang='lat' dir='ltr'>concitabat.</span> <span class='ocrx_word' id='word_1_194' title='bbox 1057 2516 1195 2578; x_wconf 85' lang='lat' dir='ltr'>Plus</span> <span class='ocrx_word' id='word_1_195' title='bbox 1223 2516 1322 2576; x_wconf 84' lang='lat' dir='ltr'>ille</span> <span class='ocrx_word' id='word_1_196' title='bbox 1353 2534 1501 2577; x_wconf 86' lang='lat' dir='ltr'>uuus</span> <span class='ocrx_word' id='word_1_197' title='bbox 1531 2534 1707 2595; x_wconf 84' lang='lat' dir='ltr'>quarn</span> <span class='ocrx_word' id='word_1_198' title='bbox 1736 2526 1969 2576; x_wconf 75' lang='lat' dir='ltr'>senatus</span> <span class='ocrx_word' id='word_1_199' title='bbox 1998 2526 2212 2587; x_wconf 76' lang='lat' dir='ltr'>noster,</span> <span class='ocrx_word' id='word_1_200' title='bbox 2260 2534 2436 2594; x_wconf 89' lang='lat' dir='ltr'>quam</span> <span class='ocrx_word' id='word_1_201' title='bbox 2461 2511 2821 2596; x_wconf 45' lang='lat' dir='ltr'>⁴⁵⁵princeps</span> 
     </span>
     <span class='ocr_line' id='line_1_23' title="bbox 614 2611 2823 2698; baseline -0.003 -19"><span class='ocrx_word' id='word_1_202' title='bbox 614 2627 911 2698; x_wconf 85' lang='lat' dir='ltr'>postremo</span> <span class='ocrx_word' id='word_1_203' title='bbox 960 2634 1135 2694; x_wconf 89' lang='lat' dir='ltr'>quam</span> <span class='ocrx_word' id='word_1_204' title='bbox 1187 2622 1310 2674; x_wconf 85' lang='lat' dir='ltr'>tota</span> <span class='ocrx_word' id='word_1_205' title='bbox 1337 2612 1545 2673; x_wconf 86' lang='lat' dir='ltr'>civitas</span> <span class='ocrx_word' id='word_1_206' title='bbox 1593 2621 1866 2691; x_wconf 83' lang='lat' dir='ltr'>poterat:</span> <span class='ocrx_word' id='word_1_207' title='bbox 1909 2613 2233 2692; x_wconf 80' lang='lat' dir='ltr'>gaudemus</span> <span class='ocrx_word' id='word_1_208' title='bbox 2276 2611 2511 2690; x_wconf 83' lang='lat' dir='ltr'>periisse</span> <span class='ocrx_word' id='word_1_209' title='bbox 2553 2612 2698 2672; x_wconf 90' lang='lat' dir='ltr'>dum</span> <span class='ocrx_word' id='word_1_210' title='bbox 2729 2614 2823 2674; x_wconf 88' lang='lat' dir='ltr'>ille</span> 
     </span>
     <span class='ocr_line' id='line_1_24' title="bbox 612 2708 2821 2796; baseline -0.002 -21"><span class='ocrx_word' id='word_1_211' title='bbox 612 2715 888 2796; x_wconf 67' lang='lat' dir='ltr'>perierit!</span> <span class='ocrx_word' id='word_1_212' title='bbox 968 2715 1046 2773; x_wconf 87' lang='lat' dir='ltr'>Et</span> <span class='ocrx_word' id='word_1_213' title='bbox 1092 2713 1293 2773; x_wconf 77' lang='lat' dir='ltr'>Caesar</span> <span class='ocrx_word' id='word_1_214' title='bbox 1335 2708 1414 2769; x_wconf 85' lang='lat' dir='ltr'>ad</span> <span class='ocrx_word' id='word_1_215' title='bbox 1468 2710 1634 2770; x_wconf 77' lang='lat' dir='ltr'>haec:</span> <span class='ocrx_word' id='word_1_216' title='bbox 1682 2718 1699 2742; x_wconf 83' lang='lat'><em>⁰</em></span> <span class='ocrx_word' id='word_1_217' title='bbox 1728 2719 1789 2770; x_wconf 92' lang='lat' dir='ltr'>et</span> <span class='ocrx_word' id='word_1_218' title='bbox 1837 2724 1992 2770; x_wconf 84' lang='lat' dir='ltr'>anuo</span> <span class='ocrx_word' id='word_1_219' title='bbox 2037 2710 2221 2770; x_wconf 73' lang='lat' dir='ltr'>altero</span> <span class='ocrx_word' id='word_1_220' title='bbox 2268 2708 2436 2787; x_wconf 73' lang='lat' dir='ltr'>primi</span> <span class='ocrx_word' id='word_1_221' title='bbox 2479 2708 2821 2783; x_wconf 74' lang='lat' dir='ltr'>furentium,</span> 
     </span>
     <span class='ocr_line' id='line_1_25' title="bbox 614 2806 2822 2891; baseline -0.002 -17"><span class='ocrx_word' id='word_1_222' title='bbox 614 2813 803 2879; x_wconf 88' lang='lat' dir='ltr'>ultimi</span> <span class='ocrx_word' id='word_1_223' title='bbox 850 2808 1313 2891; x_wconf 80' lang='lat' dir='ltr'>resipiscentium</span> <span class='ocrx_word' id='word_1_224' title='bbox 1359 2806 1572 2878; x_wconf 84' lang='lat' dir='ltr'>fuistis,</span> <span class='ocrx_word' id='word_1_225' title='bbox 1627 2818 1686 2868; x_wconf 88' lang='lat' dir='ltr'>et</span> <span class='ocrx_word' id='word_1_226' title='bbox 1730 2824 1887 2868; x_wconf 85' lang='lat' dir='ltr'>nuuc</span> <span class='ocrx_word' id='word_1_227' title='bbox 1934 2808 2097 2870; x_wconf 83' lang='lat' dir='ltr'>nulla</span> <span class='ocrx_word' id='word_1_228' title='bbox 2133 2816 2332 2867; x_wconf 87' lang='lat' dir='ltr'>nostra</span> <span class='ocrx_word' id='word_1_229' title='bbox 2378 2806 2556 2885; x_wconf 87' lang='lat' dir='ltr'>culpa</span> <span class='ocrx_word' id='word_1_230' title='bbox 2594 2807 2822 2869; x_wconf 83' lang='lat' dir='ltr'>bellum</span> 
     </span>
     <span class='ocr_line' id='line_1_26' title="bbox 612 2903 2822 2976; baseline -0.003 -4"><span class='ocrx_word' id='word_1_231' title='bbox 612 2911 786 2972; x_wconf 87' lang='lat' dir='ltr'>nobis</span> <span class='ocrx_word' id='word_1_232' title='bbox 813 2909 1118 2970; x_wconf 83' lang='lat' dir='ltr'>intulistis:</span> <span class='ocrx_word' id='word_1_233' title='bbox 1162 2907 1263 2967; x_wconf 82' lang='lat' dir='ltr'>sed</span> <span class='ocrx_word' id='word_1_234' title='bbox 1294 2905 1450 2967; x_wconf 89' lang='lat' dir='ltr'>euim</span> <span class='ocrx_word' id='word_1_235' title='bbox 1480 2904 1623 2965; x_wconf 79' lang='lat' dir='ltr'>fecit</span> <span class='ocrx_word' id='word_1_236' title='bbox 1652 2905 1779 2965; x_wconf 76' lang='lat' dir='ltr'>haec</span> <span class='ocrx_word' id='word_1_237' title='bbox 1809 2905 2076 2966; x_wconf 82' lang='lat' dir='ltr'>Corbeus</span> <span class='ocrx_word' id='word_1_238' title='bbox 2103 2906 2303 2976; x_wconf 71' lang='lat' dir='ltr'>solus:</span> <span class='ocrx_word' id='word_1_239' title='bbox 2348 2903 2569 2963; x_wconf 84' lang='lat' dir='ltr'>nullum</span> <span class='ocrx_word' id='word_1_240' title='bbox 2603 2904 2663 2963; x_wconf 89' lang='lat' dir='ltr'>iu</span> <span class='ocrx_word' id='word_1_241' title='bbox 2692 2905 2822 2966; x_wconf 84' lang='lat' dir='ltr'>aliis</span> 
     </span>
     <span class='ocr_line' id='line_1_27' title="bbox 613 3002 2822 3083; baseline -0.001 -15"><span class='ocrx_word' id='word_1_242' title='bbox 613 3008 835 3070; x_wconf 88' lang='lat' dir='ltr'>crimen</span> <span class='ocrx_word' id='word_1_243' title='bbox 874 3016 1002 3077; x_wconf 77' lang='lat' dir='ltr'>est:</span> <span class='ocrx_word' id='word_1_244' title='bbox 1047 3004 1193 3066; x_wconf 86' lang='lat' dir='ltr'>libet</span> <span class='ocrx_word' id='word_1_245' title='bbox 1218 3005 1281 3065; x_wconf 81' lang='lat' dir='ltr'>id</span> <span class='ocrx_word' id='word_1_246' title='bbox 1321 3002 1559 3083; x_wconf 85' lang='lat' dir='ltr'>quidem</span> <span class='ocrx_word' id='word_1_247' title='bbox 1589 3003 1856 3083; x_wconf 87' lang='lat' dir='ltr'>opinari:</span> <span class='ocrx_word' id='word_1_248' title='bbox 1899 3003 2026 3063; x_wconf 85' lang='lat' dir='ltr'>scio</span> <span class='ocrx_word' id='word_1_249' title='bbox 2072 3013 2264 3063; x_wconf 84' lang='lat' dir='ltr'>tamen</span> <span class='ocrx_word' id='word_1_250' title='bbox 2311 3018 2489 3081; x_wconf 85' lang='lat' dir='ltr'>quam</span> <span class='ocrx_word' id='word_1_251' title='bbox 2533 3018 2822 3065; x_wconf 84' lang='lat' dir='ltr'>accusare</span> 
     </span>
     <span class='ocr_line' id='line_1_28' title="bbox 614 3100 2823 3181; baseline -0.002 -16"><span class='ocrx_word' id='word_1_252' title='bbox 614 3114 879 3165; x_wconf 82' lang='lat' dir='ltr'>mortuos</span> <span class='ocrx_word' id='word_1_253' title='bbox 907 3120 1018 3163; x_wconf 86' lang='lat' dir='ltr'>nec</span> <span class='ocrx_word' id='word_1_254' title='bbox 1045 3120 1424 3181; x_wconf 72' lang='lat' dir='ltr'>responsuros</span> <span class='ocrx_word' id='word_1_255' title='bbox 1471 3101 1601 3162; x_wconf 86' lang='lat' dir='ltr'>leve</span> <span class='ocrx_word' id='word_1_256' title='bbox 1635 3111 1746 3162; x_wconf 82' lang='lat' dir='ltr'>est.</span> <span class='ocrx_word' id='word_1_257' title='bbox 1831 3100 1948 3161; x_wconf 88' lang='lat' dir='ltr'>Sed</span> <span class='ocrx_word' id='word_1_258' title='bbox 1996 3118 2293 3179; x_wconf 83' lang='lat' dir='ltr'>nunquam</span> <span class='ocrx_word' id='word_1_259' title='bbox 2321 3109 2550 3159; x_wconf 82' lang='lat' dir='ltr'>tautum</span> <span class='ocrx_word' id='word_1_260' title='bbox 2581 3118 2732 3160; x_wconf 79' lang='lat' dir='ltr'>uuus</span> <span class='ocrx_word' id='word_1_261' title='bbox 2760 3101 2823 3161; x_wconf 80' lang='lat' dir='ltr'>iu</span> 
     </span>
     <span class='ocr_line' id='line_1_29' title="bbox 613 3195 2816 3281; baseline -0.001 -21"><span class='ocrx_word' id='word_1_262' title='bbox 613 3199 839 3281; x_wconf 84' lang='lat' dir='ltr'>populo</span> <span class='ocrx_word' id='word_1_263' title='bbox 869 3208 1088 3277; x_wconf 85' lang='lat' dir='ltr'>potest,</span> <span class='ocrx_word' id='word_1_264' title='bbox 1135 3197 1278 3277; x_wconf 86' lang='lat' dir='ltr'>quin</span> <span class='ocrx_word' id='word_1_265' title='bbox 1323 3197 1455 3275; x_wconf 82' lang='lat' dir='ltr'>plus</span> <span class='ocrx_word' id='word_1_266' title='bbox 1500 3197 1684 3276; x_wconf 81' lang='lat' dir='ltr'>possit</span> <span class='ocrx_word' id='word_1_267' title='bbox 1713 3198 1978 3258; x_wconf 78' lang='lat' dir='ltr'>universa</span> <span class='ocrx_word' id='word_1_268' title='bbox 2020 3197 2315 3269; x_wconf 86' lang='lat' dir='ltr'>nobilitas,</span> <span class='ocrx_word' id='word_1_269' title='bbox 2373 3197 2422 3256; x_wconf 84' lang='lat' dir='ltr'>si</span> <span class='ocrx_word' id='word_1_270' title='bbox 2460 3195 2536 3256; x_wconf 86' lang='lat' dir='ltr'>ad</span> <span class='ocrx_word' id='word_1_271' title='bbox 2569 3197 2816 3259; x_wconf 80' lang='lat' dir='ltr'>salutem</span> 
     </span>
     <span class='ocr_line' id='line_1_30' title="bbox 611 3294 2816 3378; baseline -0 -20"><span class='ocrx_word' id='word_1_272' title='bbox 611 3296 910 3378; x_wconf 83' lang='lat' dir='ltr'>publicam</span> <span class='ocrx_word' id='word_1_273' title='bbox 963 3294 1265 3356; x_wconf 84' lang='lat' dir='ltr'>bonafide</span> <span class='ocrx_word' id='word_1_274' title='bbox 1292 3295 1632 3356; x_wconf 84' lang='lat' dir='ltr'>concordet.</span> <span class='ocrx_word' id='word_1_275' title='bbox 1715 3297 1842 3374; x_wconf 83' lang='lat' dir='ltr'>Ego</span> <span class='ocrx_word' id='word_1_276' title='bbox 1878 3306 2072 3357; x_wconf 86' lang='lat' dir='ltr'>autem</span> <span class='ocrx_word' id='word_1_277' title='bbox 2119 3314 2236 3354; x_wconf 88' lang='lat' dir='ltr'>nou</span> <span class='ocrx_word' id='word_1_278' title='bbox 2278 3294 2545 3355; x_wconf 82' lang='lat' dir='ltr'>omittam</span> <span class='ocrx_word' id='word_1_279' title='bbox 2591 3314 2816 3357; x_wconf 82' lang='lat' dir='ltr'>morem</span> 
     </span>
     <span class='ocr_line' id='line_1_31' title="bbox 613 3392 2822 3472; baseline -0.001 -16"><span class='ocrx_word' id='word_1_280' title='bbox 613 3414 810 3456; x_wconf 87' lang='lat' dir='ltr'>meum</span> <span class='ocrx_word' id='word_1_281' title='bbox 832 3393 890 3454; x_wconf 92' lang='lat' dir='ltr'>iu</span> <span class='ocrx_word' id='word_1_282' title='bbox 912 3393 1109 3462; x_wconf 78' lang='lat' dir='ltr'>vobis:</span> <span class='ocrx_word' id='word_1_283' title='bbox 1142 3412 1377 3471; x_wconf 87' lang='lat' dir='ltr'>parcam</span> <span class='ocrx_word' id='word_1_284' title='bbox 1406 3392 1496 3452; x_wconf 83' lang='lat' dir='ltr'>vel</span> <span class='ocrx_word' id='word_1_285' title='bbox 1522 3392 1809 3472; x_wconf 74' lang='lat' dir='ltr'>indiguis:</span> <span class='ocrx_word' id='word_1_286' title='bbox 1840 3412 1957 3452; x_wconf 81' lang='lat' dir='ltr'>nou</span> <span class='ocrx_word' id='word_1_287' title='bbox 1985 3393 2129 3471; x_wconf 85' lang='lat' dir='ltr'>quid</span> <span class='ocrx_word' id='word_1_288' title='bbox 2155 3412 2259 3453; x_wconf 85' lang='lat' dir='ltr'>vos</span> <span class='ocrx_word' id='word_1_289' title='bbox 2278 3393 2484 3451; x_wconf 89' lang='lat' dir='ltr'>deceat</span> <span class='ocrx_word' id='word_1_290' title='bbox 2502 3393 2822 3470; x_wconf 86' lang='lat' dir='ltr'>aspiciens,</span> 
     </span>
     <span class='ocr_line' id='line_1_32' title="bbox 613 3481 2818 3572; baseline -0 -19"><span class='ocrx_word' id='word_1_291' title='bbox 613 3493 714 3554; x_wconf 81' lang='lat' dir='ltr'>sed</span> <span class='ocrx_word' id='word_1_292' title='bbox 761 3481 913 3572; x_wconf 77' lang='lat' dir='ltr'>quid</span> <span class='ocrx_word' id='word_1_293' title='bbox 956 3504 1086 3550; x_wconf 82' lang='lat' dir='ltr'>me:</span> <span class='ocrx_word' id='word_1_294' title='bbox 1131 3509 1234 3550; x_wconf 82' lang='lat' dir='ltr'>vos</span> <span class='ocrx_word' id='word_1_295' title='bbox 1282 3490 1593 3568; x_wconf 78' lang='lat' dir='ltr'>peccastis,</span> <span class='ocrx_word' id='word_1_296' title='bbox 1642 3498 1703 3548; x_wconf 90' lang='lat' dir='ltr'>et</span> <span class='ocrx_word' id='word_1_297' title='bbox 1729 3509 1832 3549; x_wconf 84' lang='lat' dir='ltr'>vos</span> <span class='ocrx_word' id='word_1_298' title='bbox 1858 3490 2030 3548; x_wconf 80' lang='lat' dir='ltr'>vobis</span> <span class='ocrx_word' id='word_1_299' title='bbox 2081 3506 2313 3567; x_wconf 66' lang='lat' dir='ltr'>posnam</span> <span class='ocrx_word' id='word_1_300' title='bbox 2363 3488 2657 3567; x_wconf 78' lang='lat' dir='ltr'>irrogastis</span> <span class='ocrx_word' id='word_1_301' title='bbox 2695 3510 2818 3569; x_wconf 83' lang='lat' dir='ltr'>qua</span> 
     </span>
     <span class='ocr_line' id='line_1_33' title="bbox 612 3584 2819 3666; baseline -0.002 -15"><span class='ocrx_word' id='word_1_302' title='bbox 612 3600 926 3651; x_wconf 85' lang='lat' dir='ltr'>contentus</span> <span class='ocrx_word' id='word_1_303' title='bbox 979 3588 1152 3648; x_wconf 86' lang='lat' dir='ltr'>aliam</span> <span class='ocrx_word' id='word_1_304' title='bbox 1200 3602 1319 3647; x_wconf 84' lang='lat' dir='ltr'>non</span> <span class='ocrx_word' id='word_1_305' title='bbox 1374 3588 1710 3666; x_wconf 65' lang='lat' dir='ltr'>imponam!</span> <span class='ocrx_word' id='word_1_306' title='bbox 1793 3586 1961 3646; x_wconf 76' lang='lat' dir='ltr'>Datis</span> <span class='ocrx_word' id='word_1_307' title='bbox 2001 3584 2304 3647; x_wconf 81' lang='lat' dir='ltr'>obsidibus</span> <span class='ocrx_word' id='word_1_308' title='bbox 2360 3605 2476 3665; x_wconf 81' lang='lat' dir='ltr'>pax</span> <span class='ocrx_word' id='word_1_309' title='bbox 2521 3590 2819 3661; x_wconf 70' lang='lat' dir='ltr'>convenit,</span> 
     </span>
     <span class='ocr_line' id='line_1_34' title="bbox 611 3683 2820 3764; baseline -0 -15"><span class='ocrx_word' id='word_1_310' title='bbox 611 3698 832 3749; x_wconf 70' lang='lat' dir='ltr'>secuta:</span> <span class='ocrx_word' id='word_1_311' title='bbox 861 3686 1189 3764; x_wconf 77' lang='lat' dir='ltr'>exemplum</span> <span class='ocrx_word' id='word_1_312' title='bbox 1222 3686 1393 3744; x_wconf 84' lang='lat' dir='ltr'>urbes</span> <span class='ocrx_word' id='word_1_313' title='bbox 1441 3684 1681 3762; x_wconf 68' lang='lat' dir='ltr'>reliquae</span> <span class='ocrx_word' id='word_1_314' title='bbox 1729 3702 1863 3762; x_wconf 77' lang='lat' dir='ltr'>quae</span> <span class='ocrx_word' id='word_1_315' title='bbox 1914 3703 2048 3744; x_wconf 82' lang='lat' dir='ltr'>cum</span> <span class='ocrx_word' id='word_1_316' title='bbox 2087 3685 2203 3744; x_wconf 83' lang='lat' dir='ltr'>illis</span> <span class='ocrx_word' id='word_1_317' title='bbox 2245 3683 2707 3761; x_wconf 80' lang='lat' dir='ltr'>conjuraverant,</span> <span class='ocrx_word' id='word_1_318' title='bbox 2751 3694 2820 3748; x_wconf 82' lang='lat' dir='ltr'>et</span> 
     </span>
     <span class='ocr_line' id='line_1_35' title="bbox 606 3780 2817 3863; baseline -0 -19"><span class='ocrx_word' id='word_1_319' title='bbox 606 3796 867 3863; x_wconf 85' lang='lat' dir='ltr'>petentes</span> <span class='ocrx_word' id='word_1_320' title='bbox 892 3783 1136 3842; x_wconf 82' lang='lat' dir='ltr'>similem</span> <span class='ocrx_word' id='word_1_321' title='bbox 1167 3781 1541 3842; x_wconf 83' lang='lat' dir='ltr'>clementiam</span> <span class='ocrx_word' id='word_1_322' title='bbox 1580 3783 1942 3842; x_wconf 72' lang='lat' dir='ltr'>invenerunt.</span> <span class='ocrx_word' id='word_1_323' title='bbox 1983 3780 2156 3860; x_wconf 78' lang='lat'>[165]</span> <span class='ocrx_word' id='word_1_324' title='bbox 2194 3784 2328 3854; x_wconf 74' lang='lat' dir='ltr'>Jani</span> <span class='ocrx_word' id='word_1_325' title='bbox 2356 3781 2517 3861; x_wconf 87' lang='lat' dir='ltr'>quod</span> <span class='ocrx_word' id='word_1_326' title='bbox 2537 3780 2624 3841; x_wconf 82' lang='lat' dir='ltr'>ad</span> <span class='ocrx_word' id='word_1_327' title='bbox 2655 3783 2817 3860; x_wconf 85' lang='lat' dir='ltr'>pub-</span> 
     </span>
     <span class='ocr_line' id='line_1_36' title="bbox 604 3878 2820 3963; baseline -0.001 -20"><span class='ocrx_word' id='word_1_328' title='bbox 604 3882 750 3943; x_wconf 83' lang='lat' dir='ltr'>licos</span> <span class='ocrx_word' id='word_1_329' title='bbox 777 3882 1064 3963; x_wconf 78' lang='lat' dir='ltr'>attinebat</span> <span class='ocrx_word' id='word_1_330' title='bbox 1097 3892 1289 3939; x_wconf 84' lang='lat' dir='ltr'>motus</span> <span class='ocrx_word' id='word_1_331' title='bbox 1317 3888 1660 3958; x_wconf 78' lang='lat' dir='ltr'>compressa</span> <span class='ocrx_word' id='word_1_332' title='bbox 1680 3889 1980 3958; x_wconf 70' lang='lat' dir='ltr'>«et-‘pacata</span> <span class='ocrx_word' id='word_1_333' title='bbox 2004 3878 2202 3938; x_wconf 84' lang='lat' dir='ltr'>omnia</span> <span class='ocrx_word' id='word_1_334' title='bbox 2230 3878 2580 3939; x_wconf 78' lang='lat' dir='ltr'>videbantur</span> <span class='ocrx_word' id='word_1_335' title='bbox 2597 3888 2820 3958; x_wconf 71' lang='lat' dir='ltr'>praeter</span> 
     </span>
     <span class='ocr_line' id='line_1_37' title="bbox 602 3974 2814 4056; baseline -0.001 -17"><span class='ocrx_word' id='word_1_336' title='bbox 602 3978 907 4050; x_wconf 77' lang='lat' dir='ltr'>Treveros,</span> <span class='ocrx_word' id='word_1_337' title='bbox 957 3998 1254 4056; x_wconf 86' lang='lat' dir='ltr'>uunquam</span> <span class='ocrx_word' id='word_1_338' title='bbox 1304 3976 1410 4036; x_wconf 82' lang='lat' dir='ltr'>uisi</span> <span class='ocrx_word' id='word_1_339' title='bbox 1454 3995 1562 4055; x_wconf 83' lang='lat' dir='ltr'>per</span> <span class='ocrx_word' id='word_1_340' title='bbox 1592 3977 1710 4035; x_wconf 85' lang='lat' dir='ltr'>vim</span> <span class='ocrx_word' id='word_1_341' title='bbox 1751 3976 2036 4055; x_wconf 83' lang='lat' dir='ltr'>imperata</span> <span class='ocrx_word' id='word_1_342' title='bbox 2062 3974 2341 4047; x_wconf 83' lang='lat' dir='ltr'>facturos,</span> <span class='ocrx_word' id='word_1_343' title='bbox 2383 3994 2456 4035; x_wconf 89' lang='lat' dir='ltr'>eo</span> <span class='ocrx_word' id='word_1_344' title='bbox 2486 3974 2814 4038; x_wconf 83' lang='lat' dir='ltr'>Labienum</span> 
     </span>
    </p>
   </div>
   <div class='ocr_carea' id='block_1_5' title="bbox 604 4146 2816 4345">
    <p class='ocr_par' dir='ltr' id='par_1_5' title="bbox 604 4146 2816 4345">
     <span class='ocr_line' id='line_1_38' title="bbox 668 4146 2816 4291; baseline 0 -44"><span class='ocrx_word' id='word_1_345' title='bbox 668 4200 735 4290; x_wconf 54' lang='lat' dir='ltr'>p!</span> <span class='ocrx_word' id='word_1_346' title='bbox 750 4222 767 4291; x_wconf 31' lang='grc' dir='ltr'>ο·</span> <span class='ocrx_word' id='word_1_347' title='bbox 787 4197 963 4263; x_wconf 81' lang='lat' dir='ltr'>Forte,</span> <span class='ocrx_word' id='word_1_348' title='bbox 994 4198 1407 4264; x_wconf 59' lang='lat' dir='ltr'>equitatum-»ua</span> <span class='ocrx_word' id='word_1_349' title='bbox 1459 4198 1620 4265; x_wconf 70' lang='lat' dir='ltr'>laege,</span> <span class='ocrx_word' id='word_1_350' title='bbox 1645 4190 1953 4261; x_wconf 49' lang='lat' dir='ltr'>mita—m</span> <span class='ocrx_word' id='word_1_351' title='bbox 2010 4146 2589 4265; x_wconf 55' lang='grc' dir='ltr'>Βεῖσῖὴιιηυω-ῦὸ</span> <span class='ocrx_word' id='word_1_352' title='bbox 2646 4198 2816 4266; x_wconf 64' lang='lat' dir='ltr'>laege,</span> 
     </span>
     <span class='ocr_line' id='line_1_39' title="bbox 604 4293 1720 4345; baseline 0.004 0"><span class='ocrx_word' id='word_1_353' title='bbox 604 4293 856 4345; x_wconf 61' lang='lat' dir='ltr'>irrueret·</span> <span class='ocrx_word' id='word_1_354' title='bbox 908 4302 915 4309; x_wconf 93' lang='lat'><strong>·</strong></span> <span class='ocrx_word' id='word_1_355' title='bbox 1330 4308 1379 4339; x_wconf 79' lang='grc'>·.</span> <span class='ocrx_word' id='word_1_356' title='bbox 1711 4326 1720 4335; x_wconf 71' lang='lat'><em>-</em></span> 
     </span>
    </p>
   </div>
   <div class='ocr_carea' id='block_1_6' title="bbox 3064 1090 3071 1859">
    <p class='ocr_par' dir='ltr' id='par_1_6' title="bbox 3064 1090 3071 1859">
     <span class='ocr_line' id='line_1_40' title="bbox 3064 1090 3071 1859; baseline 0 0"><span class='ocrx_word' id='word_1_357' title='bbox 3064 1090 3071 1859; x_wconf 95' lang='lat' dir='ltr'> </span> 
     </span>
    </p>
   </div>
  </div>
 </body>
</html>
