<?xml version="1.0" encoding="UTF-8"?>
<!DOCTYPE html PUBLIC "-//W3C//DTD XHTML 1.0 Transitional//EN"
    "http://www.w3.org/TR/xhtml1/DTD/xhtml1-transitional.dtd">
<html xmlns="http://www.w3.org/1999/xhtml" xml:lang="en" lang="en">
 <head>
  <title>
</title>
<meta http-equiv="Content-Type" content="text/html;charset=utf-8" />
  <meta name='ocr-system' content='tesseract 3.04.00' />
  <meta name='ocr-capabilities' content='ocr_page ocr_carea ocr_par ocr_line ocrx_word'/>
</head>
<body>
  <div class='ocr_page' id='page_1' title='image "./cjuliicaesariso00caesgoog/cjuliicaesariso00caesgoog_0350.png"; bbox 0 0 3117 5025; ppageno 0'>
   <div class='ocr_carea' id='block_1_1' title="bbox 573 375 2127 451">
    <p class='ocr_par' dir='ltr' id='par_1_1' title="bbox 573 375 2127 451">
     <span class='ocr_line' id='line_1_1' title="bbox 573 375 2127 451; baseline 0 -4"><span class='ocrx_word' id='word_1_1' title='bbox 573 375 798 449; x_wconf 46' lang='lat' dir='ltr'><strong>„Dlss</strong></span> <span class='ocrx_word' id='word_1_2' title='bbox 1368 396 1685 451; x_wconf 68' lang='lat' dir='ltr'><strong>murm</strong></span> <span class='ocrx_word' id='word_1_3' title='bbox 1723 394 2127 451; x_wconf 63' lang='lat' dir='ltr'><strong>micam</strong></span> 
     </span>
    </p>
   </div>
   <div class='ocr_carea' id='block_1_2' title="bbox 535 539 2854 4350">
    <p class='ocr_par' dir='ltr' id='par_1_2' title="bbox 583 539 2833 736">
     <span class='ocr_line' id='line_1_2' title="bbox 583 539 2833 630; baseline -0.001 -17"><span class='ocrx_word' id='word_1_4' title='bbox 583 562 640 613; x_wconf 74' lang='lat' dir='ltr'><em>z</em></span> <span class='ocrx_word' id='word_1_5' title='bbox 653 539 1454 628; x_wconf 65' lang='lat' dir='ltr'><strong>rVetooenesporpemm.</strong></span> <span class='ocrx_word' id='word_1_6' title='bbox 1473 543 1584 608; x_wconf 84' lang='lat' dir='ltr'><strong>edi</strong></span> <span class='ocrx_word' id='word_1_7' title='bbox 1628 548 1961 630; x_wconf 70' lang='lat' dir='ltr'><strong>putamus</strong></span> <span class='ocrx_word' id='word_1_8' title='bbox 1968 544 2693 629; x_wconf 55' lang='lat' dir='ltr'><strong>:monumnenta-s:</strong></span> <span class='ocrx_word' id='word_1_9' title='bbox 2738 542 2833 611; x_wconf 99' lang='lat' dir='ltr'><strong>L«</strong></span> 
     </span>
     <span class='ocr_line' id='line_1_3' title="bbox 611 644 2731 736; baseline 0.001 -24"><span class='ocrx_word' id='word_1_10' title='bbox 611 667 800 736; x_wconf 71' lang='lat' dir='ltr'><strong>pays,</strong></span> <span class='ocrx_word' id='word_1_11' title='bbox 830 644 1164 734; x_wconf 79' lang='lat' dir='ltr'><strong>Bailliage</strong></span> <span class='ocrx_word' id='word_1_12' title='bbox 1191 657 1248 711; x_wconf 75' lang='lat' dir='ltr'><strong>et</strong></span> <span class='ocrx_word' id='word_1_13' title='bbox 1271 644 1545 713; x_wconf 63' lang='lat' dir='ltr'><strong>Eumae</strong></span> <span class='ocrx_word' id='word_1_14' title='bbox 1571 645 1649 711; x_wconf 82' lang='lat' dir='ltr'><strong>de</strong></span> <span class='ocrx_word' id='word_1_15' title='bbox 1681 644 1931 719; x_wconf 69' lang='lat' dir='ltr'><strong>Baim</strong></span> <span class='ocrx_word' id='word_1_16' title='bbox 1957 669 2035 713; x_wconf 79' lang='lat' dir='ltr'><strong>eu</strong></span> <span class='ocrx_word' id='word_1_17' title='bbox 2060 644 2467 728; x_wconf 76' lang='lat' dir='ltr'><strong>Nor-mandie.</strong></span> <span class='ocrx_word' id='word_1_18' title='bbox 2724 682 2731 691; x_wconf 82' lang='grc'><em>·</em></span> 
     </span>
    </p>

    <p class='ocr_par' dir='ltr' id='par_1_3' title="bbox 573 745 1755 837">
     <span class='ocr_line' id='line_1_4' title="bbox 573 745 1755 837; baseline -0.004 -18"><span class='ocrx_word' id='word_1_19' title='bbox 573 808 586 819; x_wconf 34' lang='grc' dir='ltr'>ι</span> <span class='ocrx_word' id='word_1_20' title='bbox 717 746 957 816; x_wconf 79' lang='lat' dir='ltr'><strong>Veneti.</strong></span> <span class='ocrx_word' id='word_1_21' title='bbox 1037 745 1272 815; x_wconf 73' lang='lat' dir='ltr'><strong>Vennes</strong></span> <span class='ocrx_word' id='word_1_22' title='bbox 1299 770 1375 815; x_wconf 82' lang='lat' dir='ltr'><strong>en</strong></span> <span class='ocrx_word' id='word_1_23' title='bbox 1406 748 1755 837; x_wconf 81' lang='lat' dir='ltr'><strong>Bretagne.</strong></span> 
     </span>
    </p>

    <p class='ocr_par' dir='ltr' id='par_1_4' title="bbox 575 851 2833 1147">
     <span class='ocr_line' id='line_1_5' title="bbox 575 851 2833 941; baseline 0.004 -24"><span class='ocrx_word' id='word_1_24' title='bbox 575 910 580 917; x_wconf 75' lang='grc'><strong><em>,</em></strong></span> <span class='ocrx_word' id='word_1_25' title='bbox 647 851 1154 925; x_wconf 66' lang='lat' dir='ltr'><strong>Vaemmnndui.</strong></span> <span class='ocrx_word' id='word_1_26' title='bbox 1209 853 1498 921; x_wconf 76' lang='lat' dir='ltr'><strong>Eorum</strong></span> <span class='ocrx_word' id='word_1_27' title='bbox 1569 856 1808 921; x_wconf 84' lang='lat' dir='ltr'><strong>civitas</strong></span> <span class='ocrx_word' id='word_1_28' title='bbox 1879 854 2189 941; x_wconf 67' lang='lat' dir='ltr'><strong>Augusta</strong></span> <span class='ocrx_word' id='word_1_29' title='bbox 2240 854 2833 928; x_wconf 65' lang='lat' dir='ltr'><strong>Verum-morum</strong></span> 
     </span>
     <span class='ocr_line' id='line_1_6' title="bbox 621 954 2833 1079; baseline -0.001 -53"><span class='ocrx_word' id='word_1_30' title='bbox 621 959 847 1026; x_wconf 66' lang='grc' dir='ltr'>διάησι</span> <span class='ocrx_word' id='word_1_31' title='bbox 898 956 1173 1026; x_wconf 75' lang='lat' dir='ltr'><strong>Quentin</strong></span> <span class='ocrx_word' id='word_1_32' title='bbox 1216 978 1294 1022; x_wconf 76' lang='lat' dir='ltr'><strong>en</strong></span> <span class='ocrx_word' id='word_1_33' title='bbox 1345 954 1930 1024; x_wconf 75' lang='lat' dir='ltr'><strong>Vemandeis.1n</strong></span> <span class='ocrx_word' id='word_1_34' title='bbox 1976 957 2833 1079; x_wconf 64' lang='lat' dir='ltr'><strong>vitaS.Qumtk1idisoete</strong></span> 
     </span>
     <span class='ocr_line' id='line_1_7' title="bbox 621 1060 2068 1147; baseline -0.002 -16"><span class='ocrx_word' id='word_1_35' title='bbox 621 1064 869 1131; x_wconf 88' lang='lat' dir='ltr'><strong>dicitur</strong></span> <span class='ocrx_word' id='word_1_36' title='bbox 899 1060 1212 1147; x_wconf 82' lang='lat' dir='ltr'><strong>Augusta</strong></span> <span class='ocrx_word' id='word_1_37' title='bbox 1238 1063 1838 1130; x_wconf 87' lang='lat' dir='ltr'><strong>Vermanduorum.</strong></span> <span class='ocrx_word' id='word_1_38' title='bbox 2064 1096 2068 1105; x_wconf 93' lang='lat'>·</span> 
     </span>
    </p>

    <p class='ocr_par' dir='ltr' id='par_1_5' title="bbox 620 1162 2838 1357">
     <span class='ocr_line' id='line_1_8' title="bbox 714 1162 2838 1285; baseline 0 -52"><span class='ocrx_word' id='word_1_39' title='bbox 714 1162 1027 1233; x_wconf 72' lang='lat' dir='ltr'><strong>Vesunna</strong></span> <span class='ocrx_word' id='word_1_40' title='bbox 1108 1162 1286 1232; x_wconf 83' lang='lat' dir='ltr'><strong>Aliis</strong></span> <span class='ocrx_word' id='word_1_41' title='bbox 1331 1165 1642 1232; x_wconf 80' lang='lat' dir='ltr'><strong>scribitur</strong></span> <span class='ocrx_word' id='word_1_42' title='bbox 1688 1165 2026 1232; x_wconf 86' lang='lat' dir='ltr'><strong>Bisuntio.</strong></span> <span class='ocrx_word' id='word_1_43' title='bbox 2100 1163 2454 1285; x_wconf 62' lang='grc' dir='ltr'><strong>Βωαηροη.</strong></span> <span class='ocrx_word' id='word_1_44' title='bbox 2521 1165 2838 1236; x_wconf 68' lang='lat' dir='ltr'><strong>Munna</strong></span> 
     </span>
     <span class='ocr_line' id='line_1_9' title="bbox 620 1271 1312 1357; baseline -0.003 -20"><span class='ocrx_word' id='word_1_45' title='bbox 620 1271 1099 1357; x_wconf 78' lang='lat' dir='ltr'><strong>Sequanorum.</strong></span> <span class='ocrx_word' id='word_1_46' title='bbox 1209 1312 1242 1323; x_wconf 84' lang='lat'><strong>-·</strong></span> <span class='ocrx_word' id='word_1_47' title='bbox 1293 1292 1312 1328; x_wconf 89' lang='grc'><strong>·.</strong></span> 
     </span>
    </p>

    <p class='ocr_par' dir='ltr' id='par_1_6' title="bbox 714 1326 2817 1458">
     <span class='ocr_line' id='line_1_10' title="bbox 714 1326 2817 1458; baseline 0.002 -20"><span class='ocrx_word' id='word_1_48' title='bbox 714 1369 981 1439; x_wconf 80' lang='lat' dir='ltr'><em>Vienna.</em></span> <span class='ocrx_word' id='word_1_49' title='bbox 1036 1366 1268 1436; x_wconf 75' lang='lat' dir='ltr'><strong>Vienne</strong></span> <span class='ocrx_word' id='word_1_50' title='bbox 1293 1368 1370 1436; x_wconf 81' lang='lat' dir='ltr'><strong>de</strong></span> <span class='ocrx_word' id='word_1_51' title='bbox 1398 1368 1733 1458; x_wconf 59' lang='grc' dir='ltr'>Βουλρηὲ</span> <span class='ocrx_word' id='word_1_52' title='bbox 1774 1326 2068 1438; x_wconf 77' lang='lat' dir='ltr'><strong>Vienna</strong></span> <span class='ocrx_word' id='word_1_53' title='bbox 2095 1369 2617 1457; x_wconf 68' lang='lat' dir='ltr'><strong>Allobrogum·</strong></span> <span class='ocrx_word' id='word_1_54' title='bbox 2784 1383 2817 1443; x_wconf 71' lang='grc' dir='ltr'><strong>ἰ</strong></span> 
     </span>
    </p>

    <p class='ocr_par' dir='ltr' id='par_1_7' title="bbox 575 1470 2838 1771">
     <span class='ocr_line' id='line_1_11' title="bbox 716 1470 2834 1562; baseline 0.002 -22"><span class='ocrx_word' id='word_1_55' title='bbox 716 1472 998 1543; x_wconf 69' lang='lat' dir='ltr'><strong>rocates.</strong></span> <span class='ocrx_word' id='word_1_56' title='bbox 1043 1475 1480 1561; x_wconf 84' lang='lat' dir='ltr'><strong>Suspicamur</strong></span> <span class='ocrx_word' id='word_1_57' title='bbox 1522 1496 1678 1543; x_wconf 83' lang='lat' dir='ltr'><strong>esse</strong></span> <span class='ocrx_word' id='word_1_58' title='bbox 1720 1472 1979 1554; x_wconf 71' lang='lat' dir='ltr'><strong>Beata,</strong></span> <span class='ocrx_word' id='word_1_59' title='bbox 2023 1470 2281 1541; x_wconf 71' lang='lat' dir='ltr'><strong>Buchs:</strong></span> <span class='ocrx_word' id='word_1_60' title='bbox 2340 1476 2522 1562; x_wconf 91' lang='lat' dir='ltr'><strong>quod</strong></span> <span class='ocrx_word' id='word_1_61' title='bbox 2571 1476 2834 1545; x_wconf 89' lang='lat' dir='ltr'><strong>omnino</strong></span> 
     </span>
     <span class='ocr_line' id='line_1_12' title="bbox 619 1576 2838 1737; baseline -0.001 -89"><span class='ocrx_word' id='word_1_62' title='bbox 619 1585 874 1648; x_wconf 87' lang='lat' dir='ltr'><strong>certum</strong></span> <span class='ocrx_word' id='word_1_63' title='bbox 894 1585 1021 1648; x_wconf 86' lang='lat' dir='ltr'><strong>est.</strong></span> <span class='ocrx_word' id='word_1_64' title='bbox 1109 1578 1240 1646; x_wconf 90' lang='lat' dir='ltr'><strong>Siti</strong></span> <span class='ocrx_word' id='word_1_65' title='bbox 1260 1580 1506 1647; x_wconf 74' lang='lat' dir='ltr'><strong>suntin</strong></span> <span class='ocrx_word' id='word_1_66' title='bbox 1526 1578 1767 1647; x_wconf 82' lang='lat' dir='ltr'><strong>finibus</strong></span> <span class='ocrx_word' id='word_1_67' title='bbox 1789 1576 2318 1737; x_wconf 77' lang='lat' dir='ltr'><strong>Lapurdensium</strong></span> <span class='ocrx_word' id='word_1_68' title='bbox 2339 1583 2494 1664; x_wconf 86' lang='lat' dir='ltr'><strong>post</strong></span> <span class='ocrx_word' id='word_1_69' title='bbox 2521 1576 2838 1646; x_wconf 82' lang='lat' dir='ltr'><strong>Medulos</strong></span> 
     </span>
     <span class='ocr_line' id='line_1_13' title="bbox 575 1682 1368 1771; baseline -0.003 -21"><span class='ocrx_word' id='word_1_70' title='bbox 575 1712 580 1725; x_wconf 63' lang='lat'><strong>¹</strong></span> <span class='ocrx_word' id='word_1_71' title='bbox 619 1685 694 1750; x_wconf 89' lang='lat' dir='ltr'><strong>iu</strong></span> <span class='ocrx_word' id='word_1_72' title='bbox 718 1682 1368 1771; x_wconf 83' lang='lat' dir='ltr'><strong>Novempopulania.</strong></span> 
     </span>
    </p>

    <p class='ocr_par' dir='ltr' id='par_1_8' title="bbox 713 1782 2531 1876">
     <span class='ocr_line' id='line_1_14' title="bbox 713 1782 2531 1876; baseline 0.003 -27"><span class='ocrx_word' id='word_1_73' title='bbox 713 1782 1020 1853; x_wconf 77' lang='lat' dir='ltr'><em>Vocontii.</em></span> <span class='ocrx_word' id='word_1_74' title='bbox 1098 1783 1192 1853; x_wconf 84' lang='lat' dir='ltr'><strong>Le</strong></span> <span class='ocrx_word' id='word_1_75' title='bbox 1214 1807 1373 1873; x_wconf 74' lang='lat' dir='ltr'><strong>pays</strong></span> <span class='ocrx_word' id='word_1_76' title='bbox 1400 1785 1477 1851; x_wconf 84' lang='lat' dir='ltr'><strong>de</strong></span> <span class='ocrx_word' id='word_1_77' title='bbox 1506 1783 1911 1876; x_wconf 70' lang='lat' dir='ltr'><strong>Diejusques</strong></span> <span class='ocrx_word' id='word_1_78' title='bbox 1937 1785 1978 1852; x_wconf 82' lang='grc' dir='ltr'><em>ἃ</em></span> <span class='ocrx_word' id='word_1_79' title='bbox 1998 1783 2140 1849; x_wconf 97' lang='lat' dir='ltr'><strong>V</strong></span> <span class='ocrx_word' id='word_1_80' title='bbox 2071 1807 2270 1853; x_wconf 68' lang='lat' dir='ltr'><strong>maon</strong></span> <span class='ocrx_word' id='word_1_81' title='bbox 2350 1836 2359 1845; x_wconf 86' lang='lat'>.</span> <span class='ocrx_word' id='word_1_82' title='bbox 2520 1845 2531 1855; x_wconf 89' lang='lat'><strong>.</strong></span> 
     </span>
    </p>

    <p class='ocr_par' dir='ltr' id='par_1_9' title="bbox 609 1848 2854 2287">
     <span class='ocr_line' id='line_1_15' title="bbox 715 1848 2838 1977; baseline 0.001 -23"><span class='ocrx_word' id='word_1_83' title='bbox 715 1886 780 1953; x_wconf 94' lang='lat' dir='ltr'><strong>V</strong></span> <span class='ocrx_word' id='word_1_84' title='bbox 771 1888 937 1957; x_wconf 82' lang='lat' dir='ltr'><strong>olcae</strong></span> <span class='ocrx_word' id='word_1_85' title='bbox 1005 1890 1332 1977; x_wconf 87' lang='lat' dir='ltr'><strong>Duplices</strong></span> <span class='ocrx_word' id='word_1_86' title='bbox 1359 1896 1528 1957; x_wconf 86' lang='lat' dir='ltr'><strong>sunt.</strong></span> <span class='ocrx_word' id='word_1_87' title='bbox 1602 1890 1843 1960; x_wconf 81' lang='lat' dir='ltr'><strong>Volcae</strong></span> <span class='ocrx_word' id='word_1_88' title='bbox 1871 1888 2293 1970; x_wconf 52' lang='lat' dir='ltr'><strong>Arecomicis</strong></span> <span class='ocrx_word' id='word_1_89' title='bbox 2285 1891 2386 1956; x_wconf 91' lang='lat' dir='ltr'><strong>·in</strong></span> <span class='ocrx_word' id='word_1_90' title='bbox 2409 1848 2657 1975; x_wconf 85' lang='lat' dir='ltr'><strong>quibus</strong></span> <span class='ocrx_word' id='word_1_91' title='bbox 2680 1888 2838 1957; x_wconf 86' lang='lat' dir='ltr'><strong>Ne-</strong></span> 
     </span>
     <span class='ocr_line' id='line_1_16' title="bbox 618 1991 2836 2077; baseline -0.001 -15"><span class='ocrx_word' id='word_1_92' title='bbox 618 2014 913 2075; x_wconf 85' lang='lat' dir='ltr'><strong>mausus,</strong></span> <span class='ocrx_word' id='word_1_93' title='bbox 944 1993 1341 2073; x_wconf 80' lang='lat' dir='ltr'><strong>Ucetenses‚</strong></span> <span class='ocrx_word' id='word_1_94' title='bbox 1400 1992 1944 2077; x_wconf 75' lang='lat' dir='ltr'><strong>Magalonenses‚</strong></span> <span class='ocrx_word' id='word_1_95' title='bbox 1990 1994 2313 2061; x_wconf 82' lang='lat' dir='ltr'><strong>Bitierrae.</strong></span> <span class='ocrx_word' id='word_1_96' title='bbox 2391 1991 2637 2061; x_wconf 79' lang='lat' dir='ltr'><strong>Volcae</strong></span> <span class='ocrx_word' id='word_1_97' title='bbox 2664 1993 2836 2060; x_wconf 89' lang='lat' dir='ltr'><strong>Tec-</strong></span> 
     </span>
     <span class='ocr_line' id='line_1_17' title="bbox 609 2094 2854 2183; baseline 0 -18"><span class='ocrx_word' id='word_1_98' title='bbox 609 2094 907 2182; x_wconf 60' lang='lat' dir='ltr'><strong>mages,</strong></span> <span class='ocrx_word' id='word_1_99' title='bbox 935 2097 1005 2162; x_wconf 90' lang='lat' dir='ltr'><strong>in</strong></span> <span class='ocrx_word' id='word_1_100' title='bbox 1034 2097 1279 2182; x_wconf 87' lang='lat' dir='ltr'><strong>quibus</strong></span> <span class='ocrx_word' id='word_1_101' title='bbox 1322 2094 1678 2176; x_wconf 79' lang='lat' dir='ltr'><strong>Carcasso,</strong></span> <span class='ocrx_word' id='word_1_102' title='bbox 1709 2102 1778 2163; x_wconf 90' lang='lat' dir='ltr'><strong>et</strong></span> <span class='ocrx_word' id='word_1_103' title='bbox 1802 2096 2078 2163; x_wconf 87' lang='lat' dir='ltr'><strong>Tolosa.</strong></span> <span class='ocrx_word' id='word_1_104' title='bbox 2136 2097 2218 2161; x_wconf 87' lang='lat' dir='ltr'><strong>In</strong></span> <span class='ocrx_word' id='word_1_105' title='bbox 2257 2094 2530 2163; x_wconf 75' lang='lat' dir='ltr'><strong>Caesare</strong></span> <span class='ocrx_word' id='word_1_106' title='bbox 2584 2096 2854 2183; x_wconf 71' lang='lat' dir='ltr'><strong>editum</strong></span> 
     </span>
     <span class='ocr_line' id='line_1_18' title="bbox 620 2196 2439 2287; baseline -0.001 -19"><span class='ocrx_word' id='word_1_107' title='bbox 620 2207 729 2268; x_wconf 89' lang='lat' dir='ltr'><strong>est</strong></span> <span class='ocrx_word' id='word_1_108' title='bbox 763 2196 829 2262; x_wconf 96' lang='lat' dir='ltr'><strong>V</strong></span> <span class='ocrx_word' id='word_1_109' title='bbox 819 2199 998 2287; x_wconf 82' lang='lat' dir='ltr'><strong>olgae</strong></span> <span class='ocrx_word' id='word_1_110' title='bbox 1025 2206 1103 2266; x_wconf 87' lang='lat' dir='ltr'><strong>ut</strong></span> <span class='ocrx_word' id='word_1_111' title='bbox 1126 2201 1241 2265; x_wconf 89' lang='lat' dir='ltr'><strong>et</strong></span> <span class='ocrx_word' id='word_1_112' title='bbox 1221 2220 1292 2265; x_wconf 91' lang='lat' dir='ltr'><strong>m</strong></span> <span class='ocrx_word' id='word_1_113' title='bbox 1317 2199 1713 2284; x_wconf 87' lang='lat' dir='ltr'><strong>quibusdam</strong></span> <span class='ocrx_word' id='word_1_114' title='bbox 1747 2199 1901 2265; x_wconf 86' lang='lat' dir='ltr'><strong>aliis</strong></span> <span class='ocrx_word' id='word_1_115' title='bbox 1930 2200 2439 2284; x_wconf 80' lang='lat' dir='ltr'><strong>scriptoribus.·</strong></span> 
     </span>
    </p>

    <p class='ocr_par' dir='ltr' id='par_1_10' title="bbox 601 2298 2843 3833">
     <span class='ocr_line' id='line_1_19' title="bbox 689 2298 2841 2387; baseline 0.001 -21.037"><span class='ocrx_word' id='word_1_116' title='bbox 689 2300 1193 2368; x_wconf 31' lang='lat' dir='ltr'><strong>Umellodunum</strong></span> <span class='ocrx_word' id='word_1_117' title='bbox 1260 2302 1525 2368; x_wconf 89' lang='lat' dir='ltr'><strong>Nomen</strong></span> <span class='ocrx_word' id='word_1_118' title='bbox 1541 2301 1800 2379; x_wconf 80' lang='lat' dir='ltr'><strong>retinet,</strong></span> <span class='ocrx_word' id='word_1_119' title='bbox 1829 2298 2157 2381; x_wconf 66' lang='lat' dir='ltr'><strong>Ussetam,</strong></span> <span class='ocrx_word' id='word_1_120' title='bbox 2176 2308 2246 2368; x_wconf 87' lang='lat' dir='ltr'><strong>et</strong></span> <span class='ocrx_word' id='word_1_121' title='bbox 2261 2298 2322 2373; x_wconf 83' lang='lat' dir='ltr'><strong>lo</strong></span> <span class='ocrx_word' id='word_1_122' title='bbox 2338 2302 2540 2387; x_wconf 74' lang='lat' dir='ltr'><strong>puech</strong></span> <span class='ocrx_word' id='word_1_123' title='bbox 2558 2300 2622 2366; x_wconf 75' lang='lat' dir='ltr'><strong>d*</strong></span> <span class='ocrx_word' id='word_1_124' title='bbox 2632 2300 2841 2377; x_wconf 63' lang='lat' dir='ltr'><strong>Umb-</strong></span> 
     </span>
     <span class='ocr_line' id='line_1_20' title="bbox 623 2404 2841 2492; baseline 0 -20"><span class='ocrx_word' id='word_1_125' title='bbox 623 2405 776 2487; x_wconf 77' lang='lat' dir='ltr'><strong>dun,</strong></span> <span class='ocrx_word' id='word_1_126' title='bbox 802 2406 875 2472; x_wconf 91' lang='lat' dir='ltr'><strong>id</strong></span> <span class='ocrx_word' id='word_1_127' title='bbox 895 2412 1005 2473; x_wconf 85' lang='lat' dir='ltr'><strong>est</strong></span> <span class='ocrx_word' id='word_1_128' title='bbox 1019 2407 1294 2492; x_wconf 88' lang='lat' dir='ltr'><strong>podium</strong></span> <span class='ocrx_word' id='word_1_129' title='bbox 1324 2404 1770 2473; x_wconf 87' lang='lat' dir='ltr'><strong>Uxelloduni.</strong></span> <span class='ocrx_word' id='word_1_130' title='bbox 1800 2407 1963 2491; x_wconf 88' lang='lat' dir='ltr'><strong>quia</strong></span> <span class='ocrx_word' id='word_1_131' title='bbox 1986 2407 2181 2472; x_wconf 87' lang='lat' dir='ltr'><strong>estin</strong></span> <span class='ocrx_word' id='word_1_132' title='bbox 2207 2406 2587 2475; x_wconf 84' lang='lat' dir='ltr'><strong>editissimo</strong></span> <span class='ocrx_word' id='word_1_133' title='bbox 2602 2414 2671 2473; x_wconf 89' lang='lat' dir='ltr'><strong>et</strong></span> <span class='ocrx_word' id='word_1_134' title='bbox 2697 2408 2841 2473; x_wconf 81' lang='lat' dir='ltr'><strong>val-</strong></span> 
     </span>
     <span class='ocr_line' id='line_1_21' title="bbox 623 2508 2837 2598; baseline 0.002 -21"><span class='ocrx_word' id='word_1_135' title='bbox 623 2510 708 2577; x_wconf 87' lang='lat' dir='ltr'><strong>de</strong></span> <span class='ocrx_word' id='word_1_136' title='bbox 733 2518 1073 2598; x_wconf 72' lang='lat' dir='ltr'><strong>praerupto</strong></span> <span class='ocrx_word' id='word_1_137' title='bbox 1117 2513 1274 2579; x_wconf 91' lang='lat' dir='ltr'><strong>loco</strong></span> <span class='ocrx_word' id='word_1_138' title='bbox 1291 2513 1520 2578; x_wconf 81' lang='lat' dir='ltr'><strong>situm.</strong></span> <span class='ocrx_word' id='word_1_139' title='bbox 1584 2509 1824 2576; x_wconf 88' lang='lat' dir='ltr'><strong>Locus</strong></span> <span class='ocrx_word' id='word_1_140' title='bbox 1845 2516 1948 2577; x_wconf 87' lang='lat' dir='ltr'><strong>est</strong></span> <span class='ocrx_word' id='word_1_141' title='bbox 1977 2511 2049 2576; x_wconf 89' lang='lat' dir='ltr'><strong>in</strong></span> <span class='ocrx_word' id='word_1_142' title='bbox 2070 2509 2328 2577; x_wconf 85' lang='lat' dir='ltr'><strong>finibus</strong></span> <span class='ocrx_word' id='word_1_143' title='bbox 2358 2508 2837 2589; x_wconf 76' lang='lat' dir='ltr'><strong>Cadurcorum,</strong></span> 
     </span>
     <span class='ocr_line' id='line_1_22' title="bbox 620 2612 2841 2703; baseline 0.001 -22"><span class='ocrx_word' id='word_1_144' title='bbox 620 2621 696 2682; x_wconf 88' lang='lat' dir='ltr'><strong>ut</strong></span> <span class='ocrx_word' id='word_1_145' title='bbox 738 2613 971 2683; x_wconf 83' lang='lat' dir='ltr'><strong>Caesar</strong></span> <span class='ocrx_word' id='word_1_146' title='bbox 999 2623 1263 2703; x_wconf 85' lang='lat' dir='ltr'><strong>q&#39;uoque</strong></span> <span class='ocrx_word' id='word_1_147' title='bbox 1304 2619 1512 2695; x_wconf 83' lang='lat' dir='ltr'><strong>notat,</strong></span> <span class='ocrx_word' id='word_1_148' title='bbox 1561 2635 1774 2700; x_wconf 89' lang='lat' dir='ltr'><strong>prope</strong></span> <span class='ocrx_word' id='word_1_149' title='bbox 1828 2615 2151 2701; x_wconf 90' lang='lat' dir='ltr'><strong>oppidum</strong></span> <span class='ocrx_word' id='word_1_150' title='bbox 2192 2612 2841 2684; x_wconf 79' lang='lat' dir='ltr'><strong>Martellum.1·&#39;1u-</strong></span> 
     </span>
     <span class='ocr_line' id='line_1_23' title="bbox 620 2716 2840 2806; baseline 0 -22"><span class='ocrx_word' id='word_1_151' title='bbox 620 2738 797 2798; x_wconf 86' lang='lat' dir='ltr'><strong>men,</strong></span> <span class='ocrx_word' id='word_1_152' title='bbox 831 2721 1025 2806; x_wconf 89' lang='lat' dir='ltr'><strong>cujus</strong></span> <span class='ocrx_word' id='word_1_153' title='bbox 1049 2740 1290 2786; x_wconf 86' lang='lat' dir='ltr'><strong>nomen</strong></span> <span class='ocrx_word' id='word_1_154' title='bbox 1331 2719 1545 2787; x_wconf 85' lang='lat' dir='ltr'><strong>tacuit</strong></span> <span class='ocrx_word' id='word_1_155' title='bbox 1573 2717 1831 2797; x_wconf 63' lang='lat' dir='ltr'><strong>Caesar,</strong></span> <span class='ocrx_word' id='word_1_156' title='bbox 1862 2724 1968 2785; x_wconf 89' lang='lat' dir='ltr'><strong>est</strong></span> <span class='ocrx_word' id='word_1_157' title='bbox 2017 2717 2396 2784; x_wconf 87' lang='lat' dir='ltr'><strong>Dordonia·</strong></span> <span class='ocrx_word' id='word_1_158' title='bbox 2380 2761 2396 2777; x_wconf 89' lang='lat'><strong>.</strong></span> <span class='ocrx_word' id='word_1_159' title='bbox 2441 2716 2840 2784; x_wconf 82' lang='lat' dir='ltr'><strong>horrendum</strong></span> 
     </span>
     <span class='ocr_line' id='line_1_24' title="bbox 617 2818 2838 2907; baseline 0 -19"><span class='ocrx_word' id='word_1_160' title='bbox 617 2823 901 2906; x_wconf 81' lang='lat' dir='ltr'><strong>aspectu</strong></span> <span class='ocrx_word' id='word_1_161' title='bbox 938 2821 1411 2907; x_wconf 70' lang='lat' dir='ltr'><strong>praecipitium,</strong></span> <span class='ocrx_word' id='word_1_162' title='bbox 1454 2822 1649 2907; x_wconf 79' lang='lat' dir='ltr'><strong>quale</strong></span> <span class='ocrx_word' id='word_1_163' title='bbox 1691 2821 2086 2887; x_wconf 77' lang='lat' dir='ltr'><strong>describitur</strong></span> <span class='ocrx_word' id='word_1_164' title='bbox 2127 2840 2172 2885; x_wconf 85' lang='lat' dir='ltr'><strong>a</strong></span> <span class='ocrx_word' id='word_1_165' title='bbox 2212 2819 2506 2884; x_wconf 71' lang='lat' dir='ltr'><strong>Caesare.</strong></span> <span class='ocrx_word' id='word_1_166' title='bbox 2595 2818 2838 2888; x_wconf 67' lang='lat' dir='ltr'><strong>Multae</strong></span> 
     </span>
     <span class='ocr_line' id='line_1_25' title="bbox 621 2922 2842 3010; baseline -0 -18"><span class='ocrx_word' id='word_1_167' title='bbox 621 2928 777 2992; x_wconf 82' lang='lat' dir='ltr'><strong>sunt</strong></span> <span class='ocrx_word' id='word_1_168' title='bbox 801 2923 897 2990; x_wconf 91' lang='lat' dir='ltr'><strong>ibi</strong></span> <span class='ocrx_word' id='word_1_169' title='bbox 923 2925 1218 3010; x_wconf 73' lang='lat' dir='ltr'><strong>reliquiae</strong></span> <span class='ocrx_word' id='word_1_170' title='bbox 1246 2923 1602 2989; x_wconf 77' lang='lat' dir='ltr'><strong>vetustatis</strong></span> <span class='ocrx_word' id='word_1_171' title='bbox 1628 2924 2043 2990; x_wconf 72' lang='lat' dir='ltr'><strong>venerandae.</strong></span> <span class='ocrx_word' id='word_1_172' title='bbox 2134 2922 2450 3003; x_wconf 85' lang='lat' dir='ltr'><strong>Quotidie</strong></span> <span class='ocrx_word' id='word_1_173' title='bbox 2464 2922 2565 2988; x_wconf 81' lang='lat' dir='ltr'><strong>ab</strong></span> <span class='ocrx_word' id='word_1_174' title='bbox 2596 2926 2842 2992; x_wconf 80' lang='lat' dir='ltr'><strong>aranti-</strong></span> 
     </span>
     <span class='ocr_line' id='line_1_26' title="bbox 622 3024 2841 3110; baseline -0.001 -17"><span class='ocrx_word' id='word_1_175' title='bbox 622 3028 753 3093; x_wconf 90' lang='lat' dir='ltr'><strong>bus</strong></span> <span class='ocrx_word' id='word_1_176' title='bbox 780 3027 1185 3092; x_wconf 82' lang='lat' dir='ltr'><strong>numismata</strong></span> <span class='ocrx_word' id='word_1_177' title='bbox 1199 3025 1510 3091; x_wconf 81' lang='lat' dir='ltr'><strong>Romana</strong></span> <span class='ocrx_word' id='word_1_178' title='bbox 1535 3024 1965 3091; x_wconf 79' lang='lat' dir='ltr'><strong>effodiuntur.&#39;</strong></span> <span class='ocrx_word' id='word_1_179' title='bbox 1991 3024 2153 3090; x_wconf 75' lang='lat' dir='ltr'><strong>Vix</strong></span> <span class='ocrx_word' id='word_1_180' title='bbox 2174 3026 2465 3110; x_wconf 75' lang='lat' dir='ltr'><strong>reperias</strong></span> <span class='ocrx_word' id='word_1_181' title='bbox 2490 3026 2841 3108; x_wconf 84' lang='lat' dir='ltr'><strong>rusticum,</strong></span> 
     </span>
     <span class='ocr_line' id='line_1_27' title="bbox 625 3127 2843 3215; baseline 0.001 -21"><span class='ocrx_word' id='word_1_182' title='bbox 625 3129 744 3215; x_wconf 87' lang='lat' dir='ltr'><strong>qui</strong></span> <span class='ocrx_word' id='word_1_183' title='bbox 783 3128 866 3193; x_wconf 92' lang='lat' dir='ltr'><strong>de</strong></span> <span class='ocrx_word' id='word_1_184' title='bbox 905 3128 1064 3194; x_wconf 89' lang='lat' dir='ltr'><strong>loco</strong></span> <span class='ocrx_word' id='word_1_185' title='bbox 1109 3129 1570 3212; x_wconf 84' lang='lat' dir='ltr'><strong>iuterrogatus,</strong></span> <span class='ocrx_word' id='word_1_186' title='bbox 1614 3148 1749 3193; x_wconf 92' lang='lat' dir='ltr'><strong>non</strong></span> <span class='ocrx_word' id='word_1_187' title='bbox 1786 3132 2010 3196; x_wconf 87' lang='lat' dir='ltr'><strong>statim</strong></span> <span class='ocrx_word' id='word_1_188' title='bbox 2051 3129 2482 3213; x_wconf 83' lang='lat' dir='ltr'><strong>respondeat:</strong></span> <span class='ocrx_word' id='word_1_189' title='bbox 2528 3127 2843 3197; x_wconf 78' lang='lat' dir='ltr'><strong>Castrum</strong></span> 
     </span>
     <span class='ocr_line' id='line_1_28' title="bbox 624 3227 2843 3319; baseline 0.001 -21"><span class='ocrx_word' id='word_1_190' title='bbox 624 3227 1124 3298; x_wconf 80' lang='lat' dir='ltr'><strong>Uxellodunum</strong></span> <span class='ocrx_word' id='word_1_191' title='bbox 1151 3233 1319 3298; x_wconf 91' lang='lat' dir='ltr'><strong>illud</strong></span> <span class='ocrx_word' id='word_1_192' title='bbox 1349 3253 1395 3298; x_wconf 89' lang='grc'><strong><em>8</em></strong></span> <span class='ocrx_word' id='word_1_193' title='bbox 1422 3231 1689 3299; x_wconf 81' lang='lat' dir='ltr'><strong>Caesare</strong></span> <span class='ocrx_word' id='word_1_194' title='bbox 1728 3234 1987 3319; x_wconf 86' lang='lat' dir='ltr'><strong>magnis</strong></span> <span class='ocrx_word' id='word_1_195' title='bbox 2022 3233 2335 3318; x_wconf 86' lang='lat' dir='ltr'><strong>operibus</strong></span> <span class='ocrx_word' id='word_1_196' title='bbox 2375 3239 2843 3317; x_wconf 80' lang='lat' dir='ltr'><strong>expugnatum</strong></span> 
     </span>
     <span class='ocr_line' id='line_1_29' title="bbox 622 3329 2842 3422; baseline 0.001 -21"><span class='ocrx_word' id='word_1_197' title='bbox 622 3334 857 3401; x_wconf 86' lang='lat' dir='ltr'><strong>fuisse.</strong></span> <span class='ocrx_word' id='word_1_198' title='bbox 945 3334 1282 3402; x_wconf 74' lang='lat' dir='ltr'><strong>Praeterea</strong></span> <span class='ocrx_word' id='word_1_199' title='bbox 1326 3329 1687 3402; x_wconf 86' lang='lat' dir='ltr'><strong>ostendunt</strong></span> <span class='ocrx_word' id='word_1_200' title='bbox 1724 3337 1996 3416; x_wconf 87' lang='lat' dir='ltr'><strong>fontem,</strong></span> <span class='ocrx_word' id='word_1_201' title='bbox 2024 3339 2243 3422; x_wconf 85' lang='lat' dir='ltr'><strong>.cujus</strong></span> <span class='ocrx_word' id='word_1_202' title='bbox 2262 3367 2267 3376; x_wconf 86' lang='lat'><em>·</em></span> <span class='ocrx_word' id='word_1_203' title='bbox 2288 3355 2486 3401; x_wconf 91' lang='lat' dir='ltr'><strong>usum</strong></span> <span class='ocrx_word' id='word_1_204' title='bbox 2541 3337 2842 3403; x_wconf 76' lang='lat' dir='ltr'><strong>obsessis</strong></span> 
     </span>
     <span class='ocr_line' id='line_1_30' title="bbox 601 3437 2843 3524; baseline 0.001 -21"><span class='ocrx_word' id='word_1_205' title='bbox 601 3437 1120 3505; x_wconf 74' lang='lat' dir='ltr'><strong>intercluserunt</strong></span> <span class='ocrx_word' id='word_1_206' title='bbox 1147 3439 1464 3507; x_wconf 80' lang='lat' dir='ltr'><strong>Romani.</strong></span> <span class='ocrx_word' id='word_1_207' title='bbox 1552 3440 1651 3505; x_wconf 90' lang='lat' dir='ltr'><strong>Si·</strong></span> <span class='ocrx_word' id='word_1_208' title='bbox 1672 3439 1942 3524; x_wconf 80' lang='lat' dir='ltr'><strong>uspiam</strong></span> <span class='ocrx_word' id='word_1_209' title='bbox 1960 3499 1965 3504; x_wconf 86' lang='lat'><strong>.</strong></span> <span class='ocrx_word' id='word_1_210' title='bbox 1986 3441 2342 3524; x_wconf 72' lang='lat' dir='ltr'><strong>scriptores</strong></span> <span class='ocrx_word' id='word_1_211' title='bbox 2368 3438 2746 3524; x_wconf 62' lang='lat' dir='ltr'><strong>hujus-aevi</strong></span> <span class='ocrx_word' id='word_1_212' title='bbox 2773 3442 2843 3505; x_wconf 89' lang='lat' dir='ltr'><strong>iu</strong></span> 
     </span>
     <span class='ocr_line' id='line_1_31' title="bbox 619 3540 2838 3626; baseline 0.004 -22"><span class='ocrx_word' id='word_1_213' title='bbox 619 3540 930 3606; x_wconf 89' lang='lat' dir='ltr'><strong>notandis</strong></span> <span class='ocrx_word' id='word_1_214' title='bbox 960 3548 1250 3607; x_wconf 80' lang='lat' dir='ltr'><strong>veterum</strong></span> <span class='ocrx_word' id='word_1_215' title='bbox 1276 3542 1575 3608; x_wconf 90' lang='lat' dir='ltr'><strong>locorum</strong></span> <span class='ocrx_word' id='word_1_216' title='bbox 1605 3541 2167 3626; x_wconf 83' lang='lat' dir='ltr'><strong>appellationibus</strong></span> <span class='ocrx_word' id='word_1_217' title='bbox 2194 3540 2505 3606; x_wconf 87' lang='lat' dir='ltr'><strong>hariolati</strong></span> <span class='ocrx_word' id='word_1_218' title='bbox 2531 3547 2710 3621; x_wconf 71' lang='lat' dir='ltr'><strong>sunt3</strong></span> <span class='ocrx_word' id='word_1_219' title='bbox 2732 3543 2838 3612; x_wconf 79' lang='lat' dir='ltr'><strong>hic</strong></span> 
     </span>
     <span class='ocr_line' id='line_1_32' title="bbox 624 3643 2842 3729; baseline 0 -20"><span class='ocrx_word' id='word_1_220' title='bbox 624 3662 982 3716; x_wconf 67' lang='lat' dir='ltr'><strong>verounus</strong></span> <span class='ocrx_word' id='word_1_221' title='bbox 1009 3644 1196 3711; x_wconf 91' lang='lat' dir='ltr'><strong>locus</strong></span> <span class='ocrx_word' id='word_1_222' title='bbox 1235 3654 1359 3725; x_wconf 87' lang='lat' dir='ltr'><strong>est,</strong></span> <span class='ocrx_word' id='word_1_223' title='bbox 1390 3646 1459 3710; x_wconf 90' lang='lat' dir='ltr'><strong>in</strong></span> <span class='ocrx_word' id='word_1_224' title='bbox 1487 3665 1620 3729; x_wconf 91' lang='lat' dir='ltr'><strong>quo</strong></span> <span class='ocrx_word' id='word_1_225' title='bbox 1656 3644 1895 3709; x_wconf 88' lang='lat' dir='ltr'><strong>melius</strong></span> <span class='ocrx_word' id='word_1_226' title='bbox 1938 3646 2175 3711; x_wconf 83' lang='lat' dir='ltr'><strong>suisset</strong></span> <span class='ocrx_word' id='word_1_227' title='bbox 2200 3643 2357 3709; x_wconf 89' lang='lat' dir='ltr'><strong>illos</strong></span> <span class='ocrx_word' id='word_1_228' title='bbox 2386 3645 2718 3712; x_wconf 80' lang='lat' dir='ltr'><strong>tacuisse:</strong></span> <span class='ocrx_word' id='word_1_229' title='bbox 2776 3651 2842 3713; x_wconf 82' lang='lat' dir='ltr'><strong>et</strong></span> 
     </span>
     <span class='ocr_line' id='line_1_33' title="bbox 623 3746 2718 3833; baseline 0.001 -22"><span class='ocrx_word' id='word_1_230' title='bbox 623 3746 789 3831; x_wconf 87' lang='lat' dir='ltr'><strong>quid</strong></span> <span class='ocrx_word' id='word_1_231' title='bbox 817 3766 987 3833; x_wconf 88' lang='lat' dir='ltr'><strong>opus</strong></span> <span class='ocrx_word' id='word_1_232' title='bbox 1016 3767 1245 3813; x_wconf 85' lang='lat' dir='ltr'><strong>eorum</strong></span> <span class='ocrx_word' id='word_1_233' title='bbox 1269 3748 1531 3813; x_wconf 89' lang='lat' dir='ltr'><strong>somnia</strong></span> <span class='ocrx_word' id='word_1_234' title='bbox 1556 3748 1795 3813; x_wconf 86' lang='lat' dir='ltr'><strong>referre</strong></span> <span class='ocrx_word' id='word_1_235' title='bbox 1815 3749 1846 3812; x_wconf 71' lang='lat' dir='ltr'><strong>&#39;i</strong></span> <span class='ocrx_word' id='word_1_236' title='bbox 2708 3755 2718 3772; x_wconf 76' lang='lat'>²</span> 
     </span>
    </p>

    <p class='ocr_par' dir='ltr' id='par_1_11' title="bbox 535 3849 2843 4347">
     <span class='ocr_line' id='line_1_34' title="bbox 715 3849 2843 3934; baseline 0 -18"><span class='ocrx_word' id='word_1_237' title='bbox 715 3849 892 3916; x_wconf 85' lang='lat' dir='ltr'><strong>Haec</strong></span> <span class='ocrx_word' id='word_1_238' title='bbox 938 3850 1244 3933; x_wconf 76' lang='lat' dir='ltr'><strong>pauxilla</strong></span> <span class='ocrx_word' id='word_1_239' title='bbox 1286 3849 1369 3914; x_wconf 90' lang='lat' dir='ltr'><strong>de</strong></span> <span class='ocrx_word' id='word_1_240' title='bbox 1408 3850 1960 3934; x_wconf 82' lang='lat' dir='ltr'><strong>appellationibus</strong></span> <span class='ocrx_word' id='word_1_241' title='bbox 1998 3850 2297 3916; x_wconf 90' lang='lat' dir='ltr'><strong>locorum</strong></span> <span class='ocrx_word' id='word_1_242' title='bbox 2333 3855 2402 3914; x_wconf 86' lang='lat' dir='ltr'><strong>et</strong></span> <span class='ocrx_word' id='word_1_243' title='bbox 2443 3851 2739 3933; x_wconf 82' lang='lat' dir='ltr'><strong>gentium</strong></span> <span class='ocrx_word' id='word_1_244' title='bbox 2774 3850 2843 3916; x_wconf 82' lang='lat' dir='ltr'><strong>in</strong></span> 
     </span>
     <span class='ocr_line' id='line_1_35' title="bbox 625 3950 2845 4037; baseline -0.001 -19"><span class='ocrx_word' id='word_1_245' title='bbox 625 3950 899 4018; x_wconf 62' lang='lat' dir='ltr'><strong>Caesare</strong></span> <span class='ocrx_word' id='word_1_246' title='bbox 916 3951 1379 4017; x_wconf 82' lang='lat' dir='ltr'><strong>delibavimus.</strong></span> <span class='ocrx_word' id='word_1_247' title='bbox 1470 3951 1659 4017; x_wconf 83' lang='lat' dir='ltr'><strong>Nam</strong></span> <span class='ocrx_word' id='word_1_248' title='bbox 1682 3965 2140 4037; x_wconf 77' lang='lat' dir='ltr'><strong>quaecumque</strong></span> <span class='ocrx_word' id='word_1_249' title='bbox 2152 3952 2527 4029; x_wconf 59' lang='lat' dir='ltr'><strong>omisimus5</strong></span> <span class='ocrx_word' id='word_1_250' title='bbox 2555 3951 2764 4018; x_wconf 87' lang='lat' dir='ltr'><strong>adeo</strong></span> <span class='ocrx_word' id='word_1_251' title='bbox 2744 3971 2845 4016; x_wconf 86' lang='lat' dir='ltr'><strong>m-</strong></span> 
     </span>
     <span class='ocr_line' id='line_1_36' title="bbox 626 4053 2839 4140; baseline 0.001 -22"><span class='ocrx_word' id='word_1_252' title='bbox 626 4053 978 4137; x_wconf 81' lang='lat' dir='ltr'><strong>explorata</strong></span> <span class='ocrx_word' id='word_1_253' title='bbox 1017 4059 1188 4133; x_wconf 87' lang='lat' dir='ltr'><strong>sunt,</strong></span> <span class='ocrx_word' id='word_1_254' title='bbox 1236 4060 1313 4118; x_wconf 91' lang='lat' dir='ltr'><strong>ut</strong></span> <span class='ocrx_word' id='word_1_255' title='bbox 1352 4060 1606 4120; x_wconf 88' lang='lat' dir='ltr'><strong>tantum</strong></span> <span class='ocrx_word' id='word_1_256' title='bbox 1656 4056 1872 4133; x_wconf 82' lang='lat' dir='ltr'><strong>abest,</strong></span> <span class='ocrx_word' id='word_1_257' title='bbox 1897 4074 1986 4120; x_wconf 88' lang='lat' dir='ltr'><strong>ea</strong></span> <span class='ocrx_word' id='word_1_258' title='bbox 2025 4074 2181 4120; x_wconf 81' lang='lat' dir='ltr'><strong>vere</strong></span> <span class='ocrx_word' id='word_1_259' title='bbox 2222 4055 2572 4133; x_wconf 87' lang='lat' dir='ltr'><strong>retulerint,</strong></span> <span class='ocrx_word' id='word_1_260' title='bbox 2601 4055 2721 4140; x_wconf 90' lang='lat' dir='ltr'><strong>qui</strong></span> <span class='ocrx_word' id='word_1_261' title='bbox 2755 4054 2839 4122; x_wconf 83' lang='lat' dir='ltr'><strong>de</strong></span> 
     </span>
     <span class='ocr_line' id='line_1_37' title="bbox 597 4153 2840 4242; baseline 0.001 -18"><span class='ocrx_word' id='word_1_262' title='bbox 597 4153 762 4224; x_wconf 58' lang='lat' dir='ltr'><strong>2illis</strong></span> <span class='ocrx_word' id='word_1_263' title='bbox 792 4158 1223 4242; x_wconf 86' lang='lat' dir='ltr'><strong>scripserunt,</strong></span> <span class='ocrx_word' id='word_1_264' title='bbox 1251 4163 1327 4224; x_wconf 90' lang='lat' dir='ltr'><strong>ut</strong></span> <span class='ocrx_word' id='word_1_265' title='bbox 1365 4158 1530 4223; x_wconf 89' lang='lat' dir='ltr'><strong>mihi</strong></span> <span class='ocrx_word' id='word_1_266' title='bbox 1556 4164 1813 4225; x_wconf 80' lang='lat' dir='ltr'><strong>constet</strong></span> <span class='ocrx_word' id='word_1_267' title='bbox 1835 4158 2083 4223; x_wconf 86' lang='lat' dir='ltr'><strong>nullam</strong></span> <span class='ocrx_word' id='word_1_268' title='bbox 2109 4179 2311 4242; x_wconf 79' lang='lat' dir='ltr'><strong>spem</strong></span> <span class='ocrx_word' id='word_1_269' title='bbox 2327 4178 2473 4223; x_wconf 83' lang='lat' dir='ltr'><strong>esse</strong></span> <span class='ocrx_word' id='word_1_270' title='bbox 2500 4155 2591 4222; x_wconf 89' lang='lat' dir='ltr'><strong>ad</strong></span> <span class='ocrx_word' id='word_1_271' title='bbox 2613 4176 2840 4226; x_wconf 82' lang='lat' dir='ltr'><strong>eorum</strong></span> 
     </span>
     <span class='ocr_line' id='line_1_38' title="bbox 535 4255 2837 4350; baseline 0.002 -24"><span class='ocrx_word' id='word_1_272' title='bbox 535 4265 542 4270; x_wconf 82' lang='grc'><em>’</em></span> <span class='ocrx_word' id='word_1_273' title='bbox 626 4255 1120 4342; x_wconf 78' lang='lat' dir='ltr'><strong>indagationem</strong></span> <span class='ocrx_word' id='word_1_274' title='bbox 1146 4260 1553 4347; x_wconf 87' lang='lat' dir='ltr'><strong>penetrandi.</strong></span> <span class='ocrx_word' id='word_1_275' title='bbox 1642 4260 1920 4341; x_wconf 85' lang='lat' dir='ltr'><strong>Quare</strong></span> <span class='ocrx_word' id='word_1_276' title='bbox 1901 4283 1971 4328; x_wconf 87' lang='lat' dir='ltr'><strong>m</strong></span> <span class='ocrx_word' id='word_1_277' title='bbox 2008 4261 2234 4328; x_wconf 86' lang='lat' dir='ltr'><strong>medio</strong></span> <span class='ocrx_word' id='word_1_278' title='bbox 2254 4281 2339 4327; x_wconf 79' lang='lat' dir='ltr'><strong>ea</strong></span> <span class='ocrx_word' id='word_1_279' title='bbox 2384 4260 2837 4350; x_wconf 70' lang='lat' dir='ltr'><strong>relinquimus,</strong></span> 
     </span>
    </p>
   </div>
  </div>
 </body>
</html>
