3117 5025
810 1016 1266 1096 JOSEPm
1322 1014 1900 1096 SCALIGERI

512 1240 1312 1411 NOTITIA
1409 1293 2207 1416 GALLIAE.

259 1877 487 1970 Αιιτιι
516 1909 826 1992 tempora
854 1903 1165 1990 Augusti,
1207 1905 1328 1991 qui
1357 1906 1441 1971 de
1479 1908 1738 1992 hperii
1769 1906 2058 1973 Romani
2088 1904 2466 1976 Provinciis

259 2009 681 2095 scripserunt,
729 2011 797 2077 in
854 2009 1185 2075 divisione
1245 2007 1621 2076 Galliarum
1668 2030 2005 2096 nunqnam
2036 2011 2467 2079 Provinciam

259 2109 751 2181 Narbonensem
794 2110 1379 2198 comprehendunt,
1412 2133 1568 2197 quse
1610 2111 1780 2179 intra
1824 2110 2065 2199 Alpes,
2108 2113 2465 2183 Jurassum

256 2223 543 2297 montem,
576 2216 950 2297 Cebennas,
979 2215 1253 2281 Tarnim
1297 2215 1593 2296 fluvium,
1639 2215 2074 2299 Garumnam,
2107 2218 2468 2304 Pyrenaeo·

253 2337 381 2385 rum
420 2321 709 2401 initium,
754 2327 826 2401 et
860 2340 1045 2386 mare
1090 2316 1611 2385 Massilioticum
1655 2321 2136 2386 continebatur.
2225 2321 2467 2407 Itaque

255 2439 388 2487 cum
425 2426 607 2511 apud
638 2426 790 2492 illos
820 2426 1176 2510 scriptores
1197 2420 1570 2488 Galliarum
1611 2424 1856 2488 mentio
1883 2425 2198 2504 occurrit,
2224 2426 2466 2510 excipe

253 2513 493 2613 nempe’r
523 2528 1064 2607 Narbonensem,
1095 2527 1155 2593 si
1195 2545 1302 2592 res
1345 2534 1552 2611 gestae
1584 2533 1738 2593 ante
1777 2527 2132 2613 imperium
2174 2527 2467 2613 Augusti

252 2639 710 2699 memorantur.
827 2631 916 2697 Et
967 2629 1235 2716 quidem
1286 2649 1460 2695 unus
1517 2631 1811 2695 omnium
1867 2630 2321 2696 Romanorum
2381 2628 2463 2696 C.

251 2729 489 2815 Caesar,
502 2741 580 2800 ut
597 2733 864 2800 Gallias
878 2734 1154 2798 arbitrio
1171 2751 1501 2797 armorum
1521 2731 1805 2816 subegit,
1823 2733 1918 2798 ita
1949 2733 2151 2797 etiam
2169 2751 2292 2797 suo
2311 2731 2464 2797 illas

252 2831 485 2919 divisit3
509 2838 582 2901 in
600 2836 871 2920 Belgas,
887 2854 928 2900 a
947 2834 1189 2900 Rheno
1207 2835 1294 2900 ad
1320 2834 1725 2919 Sequanam:
1754 2834 1907 2899 hinc
1928 2833 2015 2899 ad
2029 2833 2462 2914 Garumnam,

250 2936 312 3000 in
339 2936 605 3006 Celtas:
656 2938 837 3024 quod
881 2938 1209 3024 reliquum
1250 2942 1378 3017 est,
1407 2939 1581 3003 intra
1609 2937 2043 3018 Garumnam,
2074 2937 2463 3023 Pyrenaeos,

250 3045 306 3105 et
328 3060 502 3108 mare
532 3042 912 3121 Oceanum,
941 3043 1011 3107 in
1037 3039 1444 3126 Aquitanos.
1532 3039 1670 3105 Sed
1698 3040 1844 3106 haec
1874 3041 2065 3105 tertia
2093 3058 2277 3124 para,
2309 3059 2464 3104 cum

248 3143 538 3211 alterna-a
566 3145 866 3232 priorum
915 3149 1329 3230 comparata,
1376 3143 1545 3209 adeo
1590 3145 1837 3228 exigua
1878 3143 2031 3210 visa
2072 3147 2196 3222 est,
2227 3148 2303 3209 ut
2329 3142 2467 3208 alia

249 3241 476 3315 divisio
506 3247 918 3314 instituenda
943 3246 1166 3313 fuerit.
1227 3245 1469 3331 Itaque
1497 3245 1846 3329 Augustus
1874 3265 2008 3311 non
2039 3247 2254 3312 solum
2282 3246 2466 3311 illam

248 3346 630 3416 divisionem
660 3349 1040 3433 castigavit,
1071 3349 1194 3415 sed
1223 3350 1294 3414 in
1316 3369 1495 3415 nova
1523 3347 1895 3414 Galliarum
1924 3348 2250 3413 divisione
2278 3349 2466 3415 insti·

248 3452 470 3519 tuenda
488 3454 700 3519 etiam
721 3453 1153 3518 Provinciam
1176 3451 1686 3517 Narbonensem
1709 3452 2102 3538 complexus
2124 3455 2253 3534 oet3
2276 3452 2464 3536 quic·

248 3553 397 3636 quid
439 3558 619 3622 intra
667 3554 905 3641 Alpes,
962 3575 1143 3621 mare
1200 3555 1790 3635 Mediterraneum,
1839 3561 1908 3620 et
1962 3553 2334 3631 Oceanum,
2395 3557 2465 3619 et

250 3651 548 3725 Rhenum
580 3659 976 3739 continetur,
1004 3678 1139 3724 uno
1167 3657 1538 3724 Galliarum
1575 3659 1843 3740 nomine
1875 3654 2462 3742 comprehendens,

246 3764 306 3823 et
321 3760 647 3846 quicquid
691 3761 867 3826 intra
907 3761 1059 3826 illos
1102 3760 1266 3826 fines
1293 3762 1495 3827 situm
1539 3766 1662 3840 est,
1707 3762 1777 3824 in
1821 3758 2051 3823 decem
2092 3764 2159 3824 et
2203 3762 2460 3842 septem

246 3858 636 3932 Provincias
696 3864 977 3949 partitus
1016 3867 1140 3942 est,
1202 3863 1546 3947 Belgicam
1587 3863 1897 3947 primam,
1953 3861 2301 3943 Belgicam
2355 3878 2463 3925 se·

246 3965 544 4046 eandam,
577 3964 1012 4034 Germaniam
1053 3967 1359 4050 primam,
1392 3964 1820 4031 Germaniam
1866 3962 2248 4041 secundam,
2280 3962 2461 4048 Lug·

246 4064 564 4135 dunenses
626 4076 938 4152 quatuor,
998 4067 1377 4134 Maximam
1445 4066 1930 4152 Sequanorum,
1991 4066 2461 4148 Viennensem,

247 4165 446 4256 Alpes
474 4171 728 4239 Graias
766 4177 834 4238 et
860 4172 1209 4252 Poeninas,
1235 4170 1454 4257 Alpes
1480 4171 1874 4250 maritimas,
1914 4172 2203 4255 primam
2243 4166 2462 4254 Aqui-

245 4275 503 4356 taniam,
531 4261 901 4341 secundam
929 4273 1387 4361 Aquitaniam,
1419 4274 2147 4360 Novempopulaniam.
2206 4271 2464 4342 Postea
