3117 5025
646 368 822 436 1822
1295 387 1354 435 s.
1399 386 1614 435 cust
1685 385 2223 438 commmunia

645 537 823 600 armis
865 537 1231 609 abscederet,
1258 548 1438 618 atque
1465 537 1541 600 ad
1573 557 1804 618 aequam
1852 537 2189 599 civilitatem
2233 536 2452 617 pariter
2495 546 2847 610 remearent:

642 638 724 697 ita
752 636 989 696 demum
1008 654 1271 696 securam
1293 635 1656 714 liberamque
1675 634 2103 714 rempublicam
2132 633 2286 705 fore:
2314 633 2496 712 idque
2519 643 2640 694 n'on
2669 635 2845 696 solum

645 734 943 813 pollicitus
973 733 1076 792 sed
1102 732 1459 793 contentiose
1482 733 1636 794 visus
1661 743 1750 792 est
1774 732 2019 803 efficere,
2044 743 2241 791 certus
2269 731 2347 792 de
2375 732 2626 792 Caesaris
2653 732 2849 792 volun·

646 842 786 903 tate,
818 832 918 910 qui
945 830 1003 890 id
1032 831 1221 909 ipsum
1250 850 1284 889 a
1312 831 1533 890 Senatu
1565 830 1768 891 litteris
1797 830 1985 909 petiit,
2019 840 2082 890 ut
2109 829 2338 889 scilicet
2364 840 2468 889 aut
2509 829 2624 890 sibi
2653 828 2846 908 populi

648 929 898 990 Romani
951 926 1304 988 beneficium
1344 928 1633 1006 integrum
1682 938 2027 999 servaretur,
2061 929 2177 987 hoc
2228 935 2317 987 est
2362 927 2678 1005 imperium
2717 946 2847 987 cum

647 1025 1008 1105 legionibus:
1052 1035 1156 1086 aut
1196 1024 1394 1085 caeteri
1434 1025 1642 1085 saltem
1672 1025 1858 1085 duces
1896 1025 1955 1084 in
1986 1025 2114 1085 ⁸⁵ea
2141 1024 2480 1084 conditione
2507 1034 2726 1096 essent,
2754 1044 2847 1085 ex-

645 1125 979 1202 ercitusque
1014 1122 1410 1183 dimitterent:
1454 1122 1615 1202 quod
1664 1143 1737 1183 eo
1787 1122 2061 1183 fidentius
2103 1109 2463 1201 postulabat,
2496 1131 2564 1182 ut
2612 1121 2849 1203 quidam

646 1221 1079 1302 opinabantur:
1131 1221 1272 1298 quia
1313 1240 1396 1291 se,
1426 1220 1601 1300 [177]
1628 1241 1766 1282 cum
1807 1222 2000 1293 vellet,
2025 1221 2325 1300 aliquanto
2354 1220 2585 1282 facilius
2631 1232 2851 1282 vetera-

644 1337 872 1389 norum,
896 1336 1073 1396 quam
1104 1317 1445 1398 Pompejum
1475 1327 1766 1397 tyronum,
1794 1319 2111 1378 exercitum
2151 1317 2229 1404 ad
2272 1319 2555 1396 obsequia
2580 1318 2853 1378 reductu·

643 1437 772 1479 rum
819 1435 939 1476 non
980 1414 1319 1493 ambigeret,
1349 1423 1571 1474 tantam
1600 1435 1736 1475 cum
1768 1416 2051 1477 veteranis
2091 1416 2402 1476 amicitiam
2448 1417 2654 1476 Caesar
2680 1416 2850 1494 longo

646 1533 775 1585 usu,
833 1520 1178 1591 tantamque
1233 1511 1682 1572 familiaritatem
1733 1513 2082 1574 contraxisse
2130 1513 2455 1583 videbatur,
2504 1522 2695 1592 utque
2730 1521 2853 1573 erat

644 1609 894 1672 affabilis
921 1625 983 1669 et
1008 1609 1329 1669 animorum
1352 1628 1552 1688 rapax,
1585 1610 1707 1669 sine
1752 1611 1868 1671 ulla
1896 1610 2261 1672 dubitatione
2289 1621 2662 1671 contraxerat
2688 1630 2704 1670 :
2752 1612 2850 1670 sed

644 1728 836 1789 neque
862 1727 970 1786 per
996 1727 1059 1766 se
1087 1725 1280 1786 neque
1308 1725 1413 1786 per
1443 1707 1709 1767 tribunos
1737 1708 1895 1787 quod
1927 1707 2457 1786 petebatobtinuit,
2477 1708 2851 1769 obstantibus

645 1804 973 1866 fautoribus
993 1803 1173 1882 partis
1186 1802 1473 1874 adversae,
1497 1803 1600 1881 qui
1621 1804 1845 1865 nullum
1868 1804 2156 1884 Pompejo
2185 1824 2384 1883 parem
2411 1804 2535 1883 pati
2558 1816 2852 1884 poterant.

647 1901 986 1963 ’⁶1ndicitin
1011 1901 1124 1961 hoc
1146 1912 1379 1979 tempus
1417 1902 2011 1973 senatusconsultum,
2030 1902 2221 1981 prima
2240 1921 2470 1980 aequum
2491 1901 2704 1974 fronte,
2723 1923 2853 1965 vere

645 2009 842 2062 antem
861 2001 1144 2078 iniquum,
1159 2008 1223 2059 ut
1241 1999 1279 2059 d
1288 2019 1378 2058 uae
1394 1998 1653 2078 quidem,
1673 2018 1784 2060 una
1807 2000 2032 2060 scilicet
2049 2022 2120 2061 ex
2138 2000 2430 2080 Pompeii,
2443 2001 2627 2060 altera
2646 2021 2721 2060 ex
2733 2002 2860 2062 Cae-

644 2097 783 2157 saris
796 2096 1122 2175 legionibus
1147 2096 1224 2156 ad
1254 2094 1469 2156 bellum
1490 2096 1830 2157 Parthicum
1850 2099 2249 2158 mitterentur:
2270 2119 2343 2158 en
2367 2098 2424 2157 in
2444 2098 2638 2159 verbis
2658 2118 2752 2176 aeq
2763 2118 2857 2158 ua-.

642 2196 802 2256 litas:
830 2213 970 2254 ecce
988 2203 1182 2253 autem
1212 2191 1270 2252 in
1288 2193 1474 2254 ‘rebus
1499 2193 1801 2272 iniquitas:
1846 2193 2132 2272 siqnidem
2156 2214 2295 2255 cum
2330 2194 2643 2273 pompejus
2675 2216 2852 2258 unam

644 2313 678 2350 e
724 2291 839 2352 suis
880 2290 1095 2370 quibus
1137 2289 1262 2368 ipse
1305 2299 1576 2378 praeerat,
1619 2290 1895 2352 amicitiae
1934 2292 2076 2368 jure
2106 2289 2403 2352 ¹⁷Caesaris
2444 2293 2853 2367 concessisset,

642 2390 801 2449 illam
832 2388 987 2448 bello
1035 2387 1309 2447 Parthico
1337 2386 1653 2448 destinavit
1701 2388 1883 2448 verbo
1911 2407 2027 2448 nou
2055 2388 2272 2459 animo,
2300 2407 2549 2472 eamque
2578 2391 2852 2469 repetiit:

642 2505 773 2546 eam
804 2487 998 2547 emeat
1022 2484 1260 2556 remisit,
1288 2494 1348 2546 et
1396 2507 1430 2546 e
1484 2473 1604 2546 suis
1654 2484 1813 2547 misit
1858 2505 2065 2549 unam:
2123 2487 2204 2549 ita
2259 2487 2612 2567 Pompejum
2667 2489 2851 2564 nulla,

644 2585 934 2643 Caesarem
964 2601 1104 2642 vero
1129 2581 1362 2642 duabus
1389 2582 1722 2662 legionibus
1752 2582 2062 2655 minutum,
2092 2604 2264 2645 nemo
2305 2584 2420 2645 fuit
2460 2585 2566 2665 qui
2598 2605 2720 2646 uon
2767 2587 2855 2647 in·

645 2679 961 2760 telligeret;
1014 2677 1149 2739 tnlit
1176 2689 1394 2752 tamen,
1425 2680 1568 2758 quin
1593 2680 1772 2741 etiam
1826 2700 1963 2741 cum
1999 2681 2342 2742 adversariis
2377 2681 2596 2760 pacisci
2639 2663 2849 2758 voluit,

647 2791 713 2841 ut
765 2777 1116 2858 transalpina
1162 2778 1364 2840 Gallia
1408 2789 1467 2839 et
1514 2778 1792 2839 illiricum
1822 2798 1954 2839 cum
1984 2781 2213 2841 duabus
2244 2789 2465 2842 tantum
2492 2781 2850 2861 legionibus,

639 2888 702 2938 et
728 2896 938 2937 nomen
984 2874 1208 2956 imperii
1237 2876 1634 2935 ¹⁸remaneret.
1722 2875 1994 2955 Denique
2037 2896 2297 2956 eousque
2339 2876 2613 2937 submisit
2653 2880 2853 2941 excel-

642 2993 770 3034 sum
811 2973 1087 3042 animum,
1116 2983 1180 3032 ut
1236 2971 1339 3051 qui
1381 2973 1673 3031 Caesarem
1700 2989 1819 3029 non
1863 2980 2074 3043 msset,
2133 2972 2416 3052 suspicari
2465 2992 2603 3033 eum
2646 2983 2855 3051 posset

646 3070 787 3130 belli
814 3080 971 3129 metu
997 3068 1074 3129 ad
1122 3068 1233 3130 ista
1255 3067 1650 3133 descendere:
1679 3088 1800 3147 quo
1829 3068 1969 3128 nibil
1996 3079 2123 3131 erat
2148 3069 2226 3130 ab
2265 3069 2417 3130 illius
2448 3069 2555 3129 viri
2581 3072 2850 3133 moribus

644 3187 716 3225 ac
764 3174 959 3225 mente
1004 3165 1306 3225 remotius:
1350 3162 1455 3224 sed
1511 3173 1736 3225 tantum
1768 3165 1849 3223 illi
1892 3166 2144 3226 studium
2196 3165 2328 3237 suit,
2366 3166 2455 3225 vel
2498 3167 2850 3230 exercendae

644 3263 734 3323 vel
763 3261 1108 3322 simulandae
1138 3260 1441 3322 modestiae
1457 3284 1474 3333 ;
1508 3272 1575 3322 nt
1607 3261 1802 3341 ¹⁹qnid
1826 3262 1930 3338 jus
1959 3262 2126 3322 vider
2147 3262 2343 3341 potius
2374 3262 2632 3342 eligeret,
2661 3284 2848 3344 quam

643 3360 897 3439 publica:
924 3358 1355 3438 tranquillitatis
1390 3378 1641 3420 eversor.
1725 3363 1806 3419 At
1832 3377 1968 3418 cum
2014 3359 2340 3419 obstinatos
2387 3360 2463 3419 ad
2513 3362 2849 3439 negandum

644 3460 700 3489 ²⁰
727 3477 980 3527 cernere,
1011 3467 1275 3517 senatum
1304 3455 1416 3515 sibi
1442 3456 1771 3526 adversum,
1802 3465 1865 3515 et
1890 3474 1925 3514 e
1946 3455 2064 3515 suis
2094 3455 2340 3515 inimicis
2358 3455 2698 3535 designatos
2715 3457 2852 3535 jam

643 3556 918 3616 consules
963 3553 1230 3622 audiret:
1276 3553 1540 3614 tribunos
1591 3553 1695 3630 qni
1743 3552 1853 3613 sibi
1885 3553 2128 3614 aderant
2156 3553 2298 3613 nibil
2340 3573 2535 3632 posse,
2563 3555 2684 3616 imo
2715 3557 2850 3636 qui-

639 3654 776 3717 dem
809 3662 1050 3730 propter
1077 3671 1141 3712 se
1167 3651 1430 3730 periculo
1457 3661 1638 3728 atque
1680 3650 1823 3709 odio
1865 3651 2198 3728 expositos:
2229 3651 2401 3729 [178]
2431 3654 2849 3732 nonamplius

640 3749 1028 3811 differendum
1057 3760 1238 3820 ratus,
1284 3770 1359 3809 ne
1387 3759 1490 3810 aut
1529 3749 1619 3809 sui
1660 3749 2139 3826 periclitarentur,
2168 3759 2273 3809 aut
2299 3751 2422 3828 ipse
2465 3738 2854 3817 cunctatione*

639 3849 971 3918 vilesceret:
1023 3846 1320 3927 dispositis
1365 3864 1524 3907 more
1580 3847 1753 3907 solito
1802 3867 1907 3926 per
1953 3847 2199 3908 hiberna
2239 3847 2587 3927 legionibus,
2634 3853 2846 3913 ultimo

642 3945 888 4005 transitu
913 3966 985 4004 ex
1016 3945 1233 4006 Galliis
1249 3945 1306 4004 in
1338 3941 1565 4004 ltaliam
1596 3943 1800 4004 rediit:
1848 3965 1968 4024 quo
1997 3964 2134 4005 cum
2162 3946 2408 4006 venisset
2438 3946 2655 4008 invenit
2693 3951 2844 4012 duas

548 4039 553 4043 ’
640 4042 766 4100 illas
793 4041 1047 4121 legiones
1075 4043 1186 4101 sub
1214 4043 1462 4102 obtentu
1494 4040 1634 4101 belli
1663 4041 1919 4102 Parthici
1945 4042 2054 4102 sibi
2081 4052 2333 4122 ereptas,
2379 4061 2571 4123 neque
2611 4046 2689 4105 ad
2723 4048 2848 4109 bel-

707 4207 768 4251 15
801 4202 981 4266 Forte,
999 4204 1308 4256 endem—10
1342 4206 1498 4270 Lege,
1516 4204 1898 4256 Indicium—1⁷
1938 4207 2097 4272 Lege,
2122 4206 2452 4256 (Ἀνὰ-*18
2475 4204 2646 4273 Adde,
2665 4207 2844 4260 sibi.—

644 4287 708 4335 19
741 4283 1105 4348 Legeflmdti·
1119 4284 1421 4339 viderie—2³
1454 4288 1614 4353 Lege,
1644 4292 1870 4338 cerneret.
