3117 5025
581 416 753 483 177⁰
1226 432 1285 482 s.
1320 423 1564 481 canst—
1615 427 2157 484 conflaturum

580 585 1027 666 nunnunquam
1056 580 1177 646 ‘aut
1220 584 1441 650 (ζει-τί
1484 593 1593 646 ant
1641 584 1868 666 popfflo
1909 583 2187 645 Romano
2233 578 2510 641 vindic-tre
2552 564 2796 640 occasio·

578 684 858 744 dataett.
918 685 996 744 Et
1022 682 1150 763 ipse
1174 683 1435 756 latitans,
1466 695 1645 762 atque
1671 682 1914 755 invisus,
1940 692 2001 742 et
2025 682 2277 742 inultum
2305 678 2499 740 scelus
2525 677 2581 736 in
2609 675 2783 737 finem

579 780 709 842 fuit.
746 801 751 806 ·
783 783 1084 842 Caeterum
1114 801 1234 861 quo
1260 780 1359 841 die
1398 802 1434 843 e
1458 781 1735 842 mnibus
1779 781 2178 840 Romanorum
2209 777 2305 837 vix
2330 774 2518 835 evasit
2543 783 2611 835 ut
2637 773 2790 833 dixi-

580 901 729 953 mus,
758 880 879 940 vita
904 876 1129 941 retenta
1156 890 1494 953 contentus,
1526 901 1632 961 spe
1661 879 1956 960 proJ'ecta,
2003 877 2143 947 suis,
2173 893 2322 953 quos
2351 893 2387 933 a
2413 884 2579 952 tergo
2605 872 2789 952 lique-

578 986 688 1052 rat,
714 978 889 1059 [110]
916 999 1024 1058 per
1046 978 1277 1041 nuntios
1302 979 1532 1060 fugiens
1558 978 1883 1050 mandavit,
1915 985 1981 1038 nt
2010 994 2127 1056 qua
2156 980 2357 1054 posset
2386 971 2495 1031 sibi
2534 969 2788 1051 quisque

580 1077 933 1136 consuleret.
1036 1076 1160 1148 Qui
1216 1097 1322 1157 per
1365 1077 1598 1138 diversa
1644 1075 1815 1136 effusi
1866 1073 2236 1151 multumque
2286 1070 2494 1141 vexati,
2541 1086 2679 1148 pars
2725 1087 2787 1125 se

582 1174 898 1254 paludibus
926 1175 1344 1246 condiderunt,
1372 1195 1513 1255 ‘pars
1561 1176 1620 1235 in
1664 1174 1880 1234 alienas
1924 1189 2127 1231 manus
2156 1189 2267 1229 non
2302 1169 2425 1228 sine
2472 1166 2591 1226 suis
2621 1166 2794 1226 mise-³

579 1271 678 1332 riis
731 1272 1087 1334 inciderunt.
1168 1272 1625 1334 90Catbovoltus
1671 1290 1809 1332 vero
1860 1270 1961 1350 qui
2016 1288 2216 1329 secum
2266 1286 2438 1345 super
2483 1264 2796 1324 Eburones·

580 1370 708 1448 pari
755 1381 1025 1450 regnarat
1068 1369 1337 1448 imperio,
1386 1370 1652 1447 ejusdem
1700 1369 2007 1431 consilium
2057 1376 2290 1426 secutus
2338 1360 2618 1424 Romanis
2662 1375 2787 1420 sese

580 1466 750 1527 bellis
778 1468 1202 1537 immiscuerat:
1239 1487 1493 1548 quonam
1526 1488 1615 1528 res
1645 1467 1897 1528 venisset
1922 1464 2269 1543 intelligens,
2284 1461 2411 1539 jam
2442 1458 2787 1539 grandaevus

578 1575 636 1624 et
666 1564 883 1625 laboris
911 1566 1241 1645 impatiens,
1272 1585 1398 1625 nec
1426 1564 1627 1645 fugere
1655 1565 1845 1625 valens
1891 1583 2000 1624 nec
2043 1579 2300 1642 pugnare
2329 1575 2522 1628 ausus,
2550 1575 2784 1617 suarum

580 1662 838 1723 auctoris
895 1682 1283 1724 aerumnarum
1339 1663 1694 1743 Ambiorigis
1735 1699 1738 1700 ν
1765 1670 1947 1741 caput
1979 1699 1985 1704 ⁴
2012 1660 2212 1720 multis
2265 1653 2786 1737 imprecationibus

580 1769 888 1820 execratus
920 1769 1165 1819 mortem
1196 1758 1306 1820 sibi
1336 1761 1658 1820 conscivit:
1703 1759 1912 1819 vicinae
1942 1767 2143 1837 gentes
2174 1756 2290 1815 hoc
2325 1763 2540 1815 eventu
2580 1765 2784 1830 regum

582 1858 814 1929 territae,
845 1877 953 1936 per
979 1859 1200 1937 legatos
1230 1875 1434 1936 pacem
1469 1878 1505 1918 a
1533 1859 1770 1918 Coesare
1800 1856 2125 1936 petierunt:
2170 1874 2346 1933 quam
2393 1852 2479 1912 eis
2513 1847 2627 1910 bac
2658 1850 2788 1928 lege

581 1956 891 2027 concessit,
925 1966 986 2015 ut
1014 1956 1192 2033 si-qui
1223 1956 1569 2018 Eburonum
1598 1977 1670 2017 ex
1715 1956 1852 2035 fuga
1883 1955 1940 2015 in
1969 1954 2198 2012 illorum
2227 1949 2373 2012 fines
2400 1948 2787 2016 devenissent,

580 2051 654 2112 ad
702 2071 762 2113 se
791 2053 1056 2132 captivos
1083 2051 1449 2114 adducerent
1463 2076 1479 2126 ς
1526 2073 1608 2125 se,
1647 2052 1691 2113 si
1737 2053 1851 2113 hoc
1896 2051 2174 2122 facerent,
2208 2058 2665 2129 temperaturum
2708 2044 2786 2104 ab

532 2167 539 2176 ·
581 2149 813 2208 offensis
838 2150 940 2209 ait.
1023 2148 1132 2210 His
1179 2150 1330 2209 actis
1378 2169 1579 2210 omnes
1624 2149 1827 2228 copias
1877 2148 2154 2210 trifariam
2193 2147 2603 2219 ·divisit‚-neve
2647 2162 2785 2205 eum

582 2267 739 2307 curae
757 2247 888 2307 aliae
915 2247 1324 2321 distraherent,
1347 2248 1766 2327 impedimenta
1783 2248 1979 2308 omnia
2002 2266 2180 2309 unum
2201 2246 2452 2306 contulit
2475 2245 2783 2306 inlocum:

582 2344 873 2405 Advatica
903 2345 1086 2425 opido
1113 2366 1357 2407 nomen:
1400 2349 1568 2408 locus
1599 2347 1700 2407 ubi
1725 2348 1997 2408 Titurius
2026 2346 2281 2406 Sabinus
2307 2355 2367 2404 et
2396 2340 2788 2418 Arunculejus

582 2444 760 2503 Cotta
791 2443 1251 2517 hibernaverant,
1283 2444 1461 2519 unde,
1494 2455 1557 2505 ut
1600 2446 2065 2517 memoravimus,
2110 2442 2522 2524 imprudenter·
2547 2438 2791 2500 infelici·

584 2550 788 2622 terque
810 2541 1227 2602 discesserant:
1272 2542 1369 2602 hic
1399 2543 1567 2604 locus
1596 2544 1848 2622 eligitur,
1882 2552 1938 2604 et
1972 2541 2134 2622 quod
2165 2552 2337 2622 aptus
2363 2541 2437 2601 ad
2465 2550 2699 2609 caetera,
2729 2547 2788 2596 et

584 2638 745 2719 quod
775 2639 1135 2700 munitiones
1183 2641 1317 2700 anni
1365 2641 1598 2702 alterius
1644 2643 1840 2702 adhuc
1885 2641 2137 2721 integras
2184 2640 2460 2709 habebat,
2494 2648 2558 2697 ut
2599 2635 2787 2697 labori

584 2736 830 2797 militum
860 2748 1228 2817 parceretur:
1272 2739 1556 2820 legionem
1590 2752 1858 2819 quartam
1897 2740 2187 2801 decimam
2219 2737 2495 2818 praesidio
2523 2735 2788 2807 dimittit,

582 2834 793 2913 legioni
835 2836 1097 2915 praefecit
1144 2837 1433 2908 Quintum
1479 2838 1742 2900 Tullium
1791 2841 2403 2900 Ciceronem:·tamen
2441 2824 2788 2913 populatum

582 2932 640 2991 in
674 2935 986 3014 Menapios
1015 2936 1200 2995 tribus
1229 2957 1364 2996 cnm
1396 2938 1723 3017 legionibus
1742 2937 2060 2996 Labienum
2084 2944 2144 2995 et
2161 2933 2378 3012 Cajum
2401 2931 2788 3000 Trebonium,

583 3029 829 3091 totidem
847 3033 902 3091 in
920 3032 1235 3092 Advaticos
1252 3034 1624 3109 adjacentem
1647 3033 1933 3114 regionem
1957 3033 2177 3112 dirigit.
2227 3034 2362 3111 lpse
2386 3050 2522 3090 cum
2545 3028 2789 3090 totidem

583 3127 958 3187 Arduennam
1005 3138 1068 3189 et
1111 3128 1350 3188 fluvium
1400 3130 1733 3191 ⁹⁸Scaldam
1765 3131 1864 3211 qui
1894 3130 2238 3191 Eburonum
2267 3132 2326 3189 in
2356 3127 2567 3188 finibus
2598 3128 2789 3188 Mosa!

582 3224 842 3285 illabitur
865 3226 1074 3304 pergit,
1105 3226 1267 3304 quod
1299 3248 1371 3287 eo
1402 3228 1824 3310 Ambiorigem,
1856 3230 1959 3309 qui
1988 3229 2250 3289 nondum
2281 3227 2553 3288 Rhenum
2583 3224 2791 3285 transi-

581 3332 725 3392 erat,
756 3323 1088 3401 confugisse
1116 3323 1419 3397 audiebat,
1448 3337 1510 3386 et
1552 3326 1882 3408 digrediens
1918 3348 1979 3388 se
2013 3327 2088 3387 ad
2120 3326 2274 3386 diem
2305 3324 2614 3404 septimum
2641 3323 2795 3382 redi·

583 3428 773 3479 turum
805 3420 1078 3499 spondet.
1161 3421 1367 3482 ⁹²Inde
1416 3424 1588 3503 legati
1638 3426 1761 3486 duo
1807 3447 1958 3505 quos
2007 3424 2340 3486 mittebat*
2369 3434 2431 3482 ut
2472 3422 2711 3493 faciant,
2742 3419 2793 3482 si

583 3518 755 3579 liceat
782 3529 998 3577 monet.
1080 3517 1352 3579 Ciceroni
1384 3523 1653 3602 praecipit
1707 3534 1771 3583 ut
1817 3535 2140 3583 castrorum
2179 3521 2467 3583 cnstodiae
2513 3520 2793 3589 intentus,

582 3615 804 3676 nullum
858 3616 1046 3694 portis
1091 3616 1287 3696 egredi
1332 3620 1507 3679 sinat:
1551 3631 1614 3681 et
1663 3631 1805 3681 tunc
1856 3621 2097 3700 quidem
2145 3622 2301 3681 acies
2353 3618 2606 3679 hostium
2656 3636 2792 3697 qnae

585 3712 771 3774 timeri
794 3725 996 3791 posset
1027 3714 1082 3773 in
1110 3714 1367 3775 circuitu
1395 3717 1547 3777 nulla
1577 3729 1728 3778 erat:
1772 3720 1947 3798 [111]
1975 3718 2219 3798 sparsim
2249 3738 2310 3777 se
2337 3717 2495 3777 silvis
2523 3735 2596 3776 ac
2626 3718 2793 3794 palu-

583 3811 759 3871 dibus
788 3811 1204 3886 continebant3
1254 3832 1403 3891 quos
1433 3816 1711 3895 persequi
1736 3828 1794 3876 et
1823 3817 2061 3877 latebris
2089 3836 2289 3876 eruere
2331 3834 2642 3894 operosum
2669 3823 2795 3873 erat

583 3930 654 3969 ac
682 3908 944 3970 difficile.
1032 3912 1181 3971 Nam
1224 3913 1270 3971 si
1318 3913 1486 3974 simul
1515 3917 1808 3976 exercitus
1837 3915 2171 3990 duceretur,
2201 3915 2334 3975 loca
2358 3922 2527 3973 eram
2552 3910 2797 3991 legioni·

584 4008 698 4067 bus
723 4026 794 4067 ac
822 4007 994 4085 signis
1025 4009 1343 4088 impervia:
1385 4011 1473 4072 sin
1503 4025 1697 4073 autem
1729 4024 2123 4094 spargeretur,
2151 4021 2277 4071 erat
2304 4010 2509 4090 paucis
2537 4009 2617 4069 ab
2637 4008 2795 4069 omni

584 4113 753 4184 parte
780 4105 1138 4184 periculum3
1187 4108 1384 4169 hostes
1429 4109 1668 4170 ⁹³nullae
1711 4112 1856 4172 locis
1899 4110 2209 4190 incognitis
2253 4107 2609 4168 delitebanta
2649 4106 2792 4166 hinc

583 4238 712 4368 “aa
745 4235 937 4286 Gemi
976 4244 1059 4288 eat
1093 4237 1510 4293 σκευασα-οι
1547 4243 1707 4307 Lege,
1728 4241 2083 4292 &auin—92
2129 4239 2289 4304 Lege,
2306 4237 2578 4288 idem—m
2625 4235 2788 4300 Lege,

669 4329 757 4367 em.
2789 4332 2794 4339 '
