3117 5025
637 407 811 475 1756
1286 423 1346 470 a.
1392 419 1606 471 causi
1653 405 2189 470 connituntur

642 574 812 635 host'e
840 570 1069 654 perfido
1094 590 1167 633 ac
1184 581 1436 642 versuto,
1461 571 1562 633 sed
1596 592 1632 632 a
1658 570 1947 652 prudente
1973 581 2032 631 et
2051 569 2174 630 fido
2195 569 2389 630 amico
2403 569 2607 651 aliquo
2632 570 2839 636 datum

641 679 813 733 esset.
897 669 1099 731 Securi
1125 679 1322 730 autem
1350 670 1600 730 Sabinus
1626 683 1685 730 et
1716 669 1818 749 qui
1846 689 1968 729 suae
1998 669 2300 730 sententiae
2330 667 2581 729 fuerant.
2641 670 2843 732 Coun

640 776 836 828 autem
863 777 924 827 et
950 767 1052 847 qui
1082 787 1283 827 secum
1314 778 1613 828 senserant
1641 767 1865 828 fraudis
1911 743 2125 826 ³⁷atiud
2166 766 2403 827 subesse
2431 766 2596 827 taciti
2622 767 2844 844 cogita-

644 864 824 925 bant.
871 864 1055 925 hostis
1084 865 1370 944 proditor,
1399 867 1498 945 qui
1549 866 1848 926 nocturnis
1897 865 2125 945 vigiliis,
2155 875 2216 925 et
2245 863 2491 924 confuso
2519 872 2845 926 castrorum

642 981 941 1023 murmure
969 963 1154 1022 ituros
1182 982 1351 1023 mane
1378 965 1920 1042 praesagiebat„nec
1950 962 2111 1043 quod
2143 961 2280 1023 ituri
2306 971 2503 1048 esth
2527 960 2846 1021 dubitabat

645 1057 719 1118 ad
749 1059 1077 1139 proximam
1105 1060 1331 1120 seilicet
1377 1061 1684 1139 legionem,
1716 1070 2017 1140 oportuno
2050 1080 2153 1121 eos
2198 1059 2258 1118 in
2303 1059 2438 1118 loco
2464 1059 2842 1137 expectabat.

644 1157 786 1217 Erat
810 1157 916 1218 viae
947 1158 1146 1218 medio
1173 1157 1380 1236 procul
1407 1178 1440 1217 a
1470 1158 1673 1218 castris
1702 1156 1776 1217 ad
1809 1156 1930 1218 duo
1958 1155 2113 1216 milia
2141 1175 2423 1236 passuum
2447 1155 2619 1215 -vallis
2645 1174 2848 1216 nemo·

644 1273 777 1315 rosa
803 1274 875 1315 ac
905 1254 1182 1316 difficilis:
1228 1255 1346 1315 illic
1373 1256 1596 1315 locarat
1625 1256 1892 1316 insidias:
1935 1275 2072 1314 cum
2098 1255 2157 1314 in
2186 1274 2315 1314 eam
2343 1254 2552 1314 vallem
2582 1255 2847 1314 Romana

643 1352 799 1412 acies
827 1351 1258 1424 descendisset,¹
1286 1354 1485 1414 hostes=
1520 1343 1658 1414 a‘nte
1706 1363 1978 1433 retroque
2022 1373 2095 1413 ex
2142 1352 2368 1413 insidiis
2410 1361 2754 1430 erumpunt,
2781 1356 2849 1410 ut

646 1468 756 1509 nec
815 1451 1011 1529 primis
1079 1441 1397 1521 excedere,'
1452 1470 1561 1510 nec
1587 1441 1596 1458 '
1634 1451 1850 1511 ultimis
1913 1450 2272 1511 retrocedere
2342 1449 2568 1510 licitum
2641 1449 2847 1508 ¹⁸esse:

644 1545 1020 1626 iniquissimis
1069 1567 1280 1628 ‚pugna
1338 1548 1493 1608 locis·
1536 1549 1887 1609 instituitur:
1951 1557 2013 1608 et
2075 1547 2352 1628 quoniam
2415 1556 2624 1607 natura
2691 1564 2850 1606 com·

646 1652 917 1722 paratum
962 1653 1053 1705 est
1098 1645 1408 1725 improvisa
1449 1648 1710 1726 pericula
1754 1647 1936 1727 magis
1979 1647 2205 1708 animos
2240 1641 2518 1725 dejicere,
2566 1644 2848 1714 Titurius,

648 1741 750 1819 qui
819 1755 1021 1803 secura
1089 1743 1198 1803 sibi
1275 1745 1487 1805 omnia*
1535 1735 1803 1818 finxerat,
1887 1764 2099 1824 pavere
2164 1744 2364 1822 coepit,
2441 1751 2621 1822 atque
2690 1741 2850 1804 omni

649 1836 863 1901 bellica
891 1849 1017 1901 arte
1043 1841 1300 1902 destitui.
1386 1844 1608 1903 Contra
1634 1853 1828 1903 autem
1858 1842 2087 1920 collega
2113 1841 2263 1919 ejus,
2308 1841 2410 1918 qui
2456 1839 2571 1899 hoc
2614 1827 2853 1899 eventii-

649 1956 778 1997 rum
808 1937 1180 2017 praeviderat,
1229 1949 1412 2019 atque
1458 1939 1594 1999 ideo
1643 1938 1753 1998 iter
1800 1938 1946 2000 illud
1994 1937 2363 2008 dissuaserat,
2395 1936 2660 2015 quolibet
2713 1934 2852 1996 boni

653 2033 825 2093 simul
850 2043 912 2094 et
941 2035 1189 2095 ¹⁹multis
1217 2045 1274 2096 et
1302 2037 1476 2097 ducis
1505 2037 1699 2098 officio
1725 2037 1979 2107 functus,
2027 2034 2348 2116 pugnando
2387 2034 2604 2114 pariter
2628 2047 2688 2094 et
2718 2035 2851 2094 hor-

650 2129 836 2191 tando
863 2130 1007 2191 nihil
1034 2133 1296 2193 omnium
1346 2135 1735 2213 praetermisit,
1768 2152 1906 2212 quae
1946 2134 2020 2194 ad
2062 2133 2307 2193 salutem
2338 2152 2573 2192 suorum
2605 2132 2850 2194 militum

648 2227 1038 2308 pertinerent:
1084 2230 1269 2290 hostis
1294 2231 1405 2316 ‘qui
1431 2242 1709 2311 expertus
1738 2240 2106 2312 agnosceret,
2137 2223 2272 2291 suos
2302 2230 2583 2290 Romanis
2612 2227 2668 2287 in
2701 2231 2856 2288 ²0au-·

648 2334 825 2405 gusto
853 2325 1118 2405 impares,
1148 2327 1332 2388 edicit
1375 2338 1440 2389 ut
1489 2330 1622 2390 telis
1666 2331 1891 2391 eminus
1940 2330 2164 2390 hostem
2211 2339 2436 2409 petant,
2466 2316 2709 2407 pro'pius
2739 2317 2854 2385 non

651 2422 941 2484 accedant
968 2443 1155 2503 neque
1184 2444 1418 2486 manum
1448 2437 1780 2501 conserant,
1807 2426 1906 2487 sed
1937 2425 2288 2487 instantibus
2316 2443 2523 2504 parum
2555 2421 2854 2494 recedant,

651 2521 988 2600 instentque
1015 2521 1380 2584 cedentibus.
1465 2526 1545 2585 Et
1573 2526 1739 2586 locus
1766 2526 1892 2605 ipse
1937 2525 2108 2586 ducis
2146 2523 2454 2585 consilium
2500 2520 2853 2600 adjuvabat:

651 2628 979 2699 pugnatum
1007 2629 1099 2680 est
1124 2639 1161 2679 a
1188 2621 1379 2700 primo
1411 2641 1580 2683 mane
1606 2622 1681 2682 ad
1712 2623 1914 2683 horam
1938 2622 2054 2683 diei
2085 2631 2390 2682 octavam:
2437 2638 2572 2678 cum
2604 2617 2857 2678 Romani

652 2715 863 2777 milites
894 2717 1090 2777 multis
1118 2717 1261 2778 licet
1293 2719 1624 2780 vulneribus
1650 2719 1872 2792 affecti,
1921 2729 1982 2780 et
2028 2738 2065 2779 a
2115 2718 2350 2779 fortuna
2392 2727 2455 2777 et
2501 2716 2579 2775 ab
2626 2714 2857 2775 alterius

651 2812 823 2874 ducis
868 2815 1085 2876 auxilio
1137 2815 1432 2877 ²¹destitui
1489 2816 1703 2878 acriter
1757 2825 1950 2877 tamen
1997 2814 2195 2875 adhuc
2251 2814 2385 2873 ²²ad
2441 2832 2570 2883 suo,
2619 2813 2733 2872 hoc
2771 2821 2860 2873 est

652 2912 919 2972 Romano
965 2933 1124 2973 more
1163 2923 1479 2974 certarent:
1525 2923 1653 2973 tum
1697 2911 1934 2974 demum
1985 2911 2309 2972 fortissimis
2356 2910 2489 2970 viris
2531 2929 2566 2969 e
2612 2908 2856 2990 legione,

651 3010 863 3088 partim
893 3010 1118 3081 sauciis,
1150 3012 1367 3089 partim
1397 3011 1596 3084 caesis;
1630 3031 1765 3072 cum
1793 3020 1855 3071 et
1882 3011 2013 3091 ipse
2029 3011 2160 3089 jam
2183 3009 2406 3088 legatus
2433 3009 2628 3079 Cotta,
2649 3004 2710 3067 in
2740 3027 2860 3087 quo

656 3106 782 3185 spei
809 3126 1036 3167 summa
1062 3117 1207 3180 erat,
1253 3108 1386 3186 [93]
1435 3110 1599 3188 gravi
1628 3109 1753 3169 ictu
1779 3108 1964 3169 funda
2000 3108 2153 3187 jacti
2193 3107 2400 3187 lapidis
2441 3127 2506 3166 os
2552 3114 2857 3175 contusus,-

656 3202 844 3263 solitis
880 3204 1215 3265 muneribus
1245 3205 1540 3265 obeundis
1569 3204 1864 3267 invalidus
1905 3204 2276 3277 redderetur·
2321 3205 2600 3264 inclinare
2626 3223 2716 3263 res
2744 3222 2861 3264 coe·

654 3299 745 3381 pit
771 3319 843 3359 ac
871 3320 1058 3363 ruere.
1144 3301 1415 3362 Titurius
1458 3312 1600 3364 tnnc
1630 3303 1884 3383 primum
1911 3303 2273 3382 intelligere'
2259 3302 2540 3381 incipiens
2570 3301 2658 3360 sui
2686 3300 2863 3379 perti-

654 3397 818 3458 nacis
845 3398 1076 3458 consilii
1105 3399 1440 3473 vanitatem,
1469 3401 1627 3461 omni
1656 3421 1763 3482 spe
1791 3400 2150 3462 defensionis
2197 3399 2437 3471 omissa,
2466 3399 2748 3458 Romanas
2777 3396 2862 3457 vir

654 3493 914 3555 fortassis
962 3496 1216 3577 originis,
1268 3517 1384 3557 non
1436 3501 1719 3559 Romanas
1767 3497 2011 3570 virtutis,
2057 3492 2476 3573 Ambiorigem
2500 3496 2575 3554 ab
2614 3488 2859 3555 adverso

657 3612 793 3653 suos
821 3592 1191 3673 instigantem
1214 3595 1598 3689 prospiciens,
1629 3597 2008 3706 interpretem
2038 3594 2332 3676 quendam
2358 3594 2432 3653 ad
2470 3593 2634 3653 illum
2663 3591 2862 3671 hospi·

549 3721 562 3730 ·
656 3700 771 3751 tem
803 3711 975 3752 suum
1004 3692 1153 3752 misit
1182 3702 1409 3752 oratum
1439 3701 1506 3752 ut
1551 3692 1664 3752 sibi
1714 3690 1949 3770 suisque
1978 3690 2259 3752 militibus
2287 3700 2653 3770 parceretur.
2696 3687 2862 3749 omni

654 3788 962 3869 indignum
990 3790 1110 3849 vita
1150 3789 1356 3861 virum,
1387 3788 1492 3867 qui
1539 3787 1902 3866 suppliciter
1921 3786 2074 3848 adeo
2103 3788 2282 3848 vitam
2311 3798 2537 3867 poscat,
2568 3785 2752 3846 bostis
2779 3785 2860 3847 ab

657 3885 842 3958 hoste,
875 3888 1176 3946 Romanus
1213 3905 1249 3945 a
1277 3885 1550 3946 barbaro.
1633 3888 1715 3946 At
1742 3886 1841 3946 ille
1870 3886 2085 3966 hospes
2114 3885 2376 3965 egregius
2403 3903 2518 3944 non
2545 3892 2861 3944 contentus

657 3981 836 4042 fidem
866 3983 1169 4062 publicam
1201 3980 1461 4063 fregisse,
1487 3983 1599 4043 nisi
1628 3985 1927 4063 privatum
1966 3985 2070 4061 jus
2115 3982 2373 4061 hospitii,
2403 3983 2500 4041 illa
2530 3989 2705 4040 aetate
2729 3978 2865 4040 reli·

657 4078 1059 4158 giosissimum,
1092 4078 1362 4148 violaret3
1406 4080 1705 4159 respondit
1731 4081 2053 4161 interpreti,
2081 4098 2258 4161 posse
2283 4078 2573 4141 Titurium
2603 4077 2651 4137 si
2676 4077 2864 4138 libeat

724 4244 786 4290 ιτ
820 4240 996 4304 Forte,
1015 4241 1344 4306 «Quam—18
1376 4243 1534 4307 Lege,
1564 4248 1835 4295 mee—19
1866 4245 2026 4311 Lege,
2044 4244 2361 4297 ntum-20
2396 4243 2554 4309 Lege,
2575 4212 2866 4305 mam-2

657 4325 719 4375 21
756 4320 929 4390 rorte,
948 4323 1167 4377 amitus·
1183 4323 1360 4379 acriter
1377 4328 1686 4378 tannem-88
1715 4326 1876 4395 laege,
1894 4341 1966 4381 ae.
2239 4356 2250 4365 -
