3117 5025
401 978 1197 1106 NOTITIA
1274 990 2333 1154 LITERARIA

1311 1302 1414 1354 m:
1523 1268 1544 1295 ²

769 1532 880 1610 C·
959 1534 1323 1615 JULIO
1403 1537 1945 1663 CAESARE.

939 1820 1060 1899 [nx
1093 1836 1204 1884 nn.
1239 1834 1531 1886 meon-r.
1559 1824 1766 1902 1803]

1167 2077 1556 2103 OOOOOOOOOOOO

291 2240 300 2255 ⁸
391 2266 494 2337 Ex
525 2270 719 2341 Gan.
747 2272 1278 2344 Jom.Voss1o
1306 2278 1423 2344 lib.
1455 2296 1504 2345 1.
1534 2276 1618 2346 de
1648 2276 1835 2347 Hist.
1865 2274 2017 2349 Lat.
2045 2298 2196 2367 cap.
2225 2278 2335 2347 13.

277 2543 396 2621 01
404 2572 601 2620 umus
616 2556 875 2620 CAEsAn
888 2557 1042 2620 varia
1058 2557 1376 2621 admodum
1396 2559 1655 2641 scripsit:
1670 2580 1740 2621 ex
1764 2560 1980 2640 quibus
1998 2558 2122 2619 sola
2141 2567 2472 2640 supersunt,

277 2667 393 2730 (με
417 2654 473 2716 in
493 2674 553 2717 re
580 2655 864 2717 historica
889 2657 1145 2736 reliquit.
1228 2657 1462 2738 Nempe
1490 2663 1716 2738 septem
1745 2655 1880 2716 libri
1908 2655 1987 2716 de
2016 2655 2172 2715 bello
2202 2655 2473 2722 Gallico:

277 2766 410 2828 quos
428 2754 642 2816 Graece
671 2754 966 2816 transtulit
1005 2755 1129 2817 sive
1165 2753 1488 2828 planudes,
1512 2753 1635 2815 sive
1663 2753 1832 2815 alius.
1916 2751 2013 2812 Ad
2059 2750 2209 2826 haec,
2240 2761 2357 2813 tres
2394 2749 2473 2814 de

272 2843 411 2908 bello
433 2850 625 2915 Civili.
712 2851 986 2934 Scriptor
1010 2864 1103 2915 est
1131 2874 1311 2933 purus
1338 2861 1399 2914 et
1444 2852 1697 2932 elegans,
1738 2852 1919 2931 inque
1943 2849 2257 2910 verborum
2286 2858 2476 2912 struc-

276 2950 733 3023 turaaccnratus,
761 2970 834 3010 ac
862 2951 1102 3011 omnino
1121 2950 1345 3032 placidi
1364 2950 1547 3012 instar
1574 2949 1824 3012 fluminis
1843 2966 2223 3030 procurrens:
2254 2947 2478 3009 interea

276 3042 551 3119 πολιτικὸς,
592 3066 668 3108 ac
716 3047 903 3127 gravis
945 3047 1001 3107 in
1055 3048 1391 3121 sententiis;
1454 3068 1576 3127 quo
1629 3046 2090 3128 Xenophontem
2138 3053 2473 3126 exsuperat,

275 3143 593 3222 ceteroquin
619 3144 678 3205 ei
698 3162 818 3204 non
845 3144 1141 3206 dissimilis
1175 3145 1446 3206 multum.
1529 3143 1833 3205 Ciceronis
1861 3141 1938 3203 de
1966 3142 2034 3203 iis
2055 3142 2351 3223 judicium
2383 3151 2474 3205 est

275 3230 594 3315 hujusmodi
639 3240 704 3301 in
744 3241 968 3303 Bruto:
1014 3249 1033 3277 ⁶
1063 3241 1531 3303 Commentarios
1562 3240 1800 3322 scripsit
1847 3239 2020 3300 valde
2062 3240 2302 3320 quidem
2330 3259 2468 3321 pro—

274 3329 503 3417 bandos.
585 3339 751 3400 Nudi
789 3348 948 3414 sunt,
975 3339 1147 3411 recti,
1182 3351 1245 3402 et
1273 3339 1519 3413 venusti,
1547 3339 1711 3399 omni
1755 3347 1968 3399 ornatu
2012 3337 2317 3412 orationis,
2346 3348 2477 3399 tnu-

277 3448 433 3508 quam
473 3444 636 3497 veste
682 3435 983 3498 detracta:
1030 3436 1134 3497 sed
1183 3437 1328 3500 dum
1376 3436 1566 3497 voluit
1604 3436 1752 3497 alios
1794 3435 2010 3498 habere
2049 3439 2278 3516 parata,
2319 3433 2474 3497 unde

276 3540 564 3608 sumerent,
596 3532 703 3615 qui
751 3533 965 3595 vellent
1004 3534 1259 3596 scribere
1300 3533 1641 3614 historiam;
1698 3534 1911 3615 ineptis
1946 3542 2179 3615 gratum
2226 3532 2477 3595 fortasse

277 3619 421 3700 fecit,
450 3630 552 3710 qui
599 3630 702 3691 illa
743 3631 942 3693 volent
979 3631 1326 3692 calamistris
1366 3631 1626 3693 inurere:
1675 3652 1849 3693 sanos
1872 3630 2112 3709 quidem
2144 3629 2411 3691 homines
2438 3649 2478 3691 a

277 3719 568 3787 'scribendo
596 3727 919 3792 deterruit!
988 3730 1082 3791 De
1103 3729 1324 3790 eisdem
1352 3729 1782 3791 commentariis
1811 3729 2037 3790 Hirtius
2056 3728 2137 3789 ita
2156 3726 2467 3809 pmdicat,

273 3813 325 3876 in
348 3822 689 3899 praefatione
719 3825 855 3886 libri
882 3841 1043 3889 vlu.
1074 3825 1152 3887 de
1180 3826 1429 3889 Caesaris
1455 3826 1616 3888 bello
1643 3826 1922 3888 Gallico:
1966 3833 1986 3861 ⁴
2016 3825 2189 3886 Adeo
2214 3824 2477 3904 proban·

274 3915 359 3975 tur
381 3920 639 3983 omnium
657 3922 918 4001 judicio,
947 3933 1013 3985 ut
1033 3934 1348 4007 praerepta,
1378 3945 1500 3986 non
1527 3925 1781 4005 p'raebita
1808 3923 2065 3986 facultas
2093 3921 2478 4003 scriptoribus

274 4008 543 4082 videatur.
626 4019 815 4101 Cujus
862 4031 1054 4084 tamen
1092 4023 1176 4084 rei
1225 4023 1416 4103 major
1463 4032 1684 4097 nostra,
1733 4042 1907 4102 quam
1952 4020 2335 4101 reliquorum,
2385 4028 2480 4082 est

275 4106 583 4178 tdmirntio.
664 4119 864 4181 Ceteri
909 4122 1083 4199 enim,
1123 4143 1301 4203 quam
1352 4123 1502 4184 bene
1535 4131 1717 4203 atque
1762 4119 2092 4192 emendate,
2122 4138 2233 4180 nos
2270 4117 2476 4198 etiam,

277 4223 456 4288 qnam·
486 4214 663 4278 facile
688 4227 872 4301 atque
913 4221 1179 4283 celeriter
1220 4242 1322 4283 eos
1366 4219 1797 4303 perscripserit,
1841 4217 2105 4281 scimus!
2184 4218 2263 4278 Et
2308 4211 2482 4278 tanta

279 4307 398 4369 ium
421 4309 497 4375 sit
521 4317 1082 4382 commentariorum
1109 4320 1366 4383 Caesaris
1384 4327 1660 4383 venustas
1675 4339 1694 4393 ς
1741 4327 1935 4381 tamen
1964 4314 2313 4379 Franciscus
2348 4313 2480 4376 1³10ss
