3117 5025
562 373 738 444 1⁷84
910 403 951 442 -·
1212 393 1270 440 J.
1317 392 1529 441 censl
1579 392 2118 441 confluam-Anu

561 503 951 622 improvidam
993 542 1271 621 pietatem
1313 552 1372 602 et
1418 542 1654 604 facilem
1702 543 1872 604 nimis
1913 541 2333 622 indulgentiam
2377 547 2764 606 caeterorum:

562 643 739 721 [128]
776 641 1232 722 permittendum
1274 641 1525 702 fortunae
1554 661 1662 700 suo
1710 642 1852 718 jure
1907 641 2011 713 uti,
2051 640 2220 718 quod
2249 638 2331 698 illi
2360 658 2496 699 cum
2547 637 2768 714 ubique

559 759 837 819 magnum
868 749 994 800 tum
1040 740 1098 798 in
1151 739 1304 800 bello
1353 741 1671 800 maximum
1708 750 1887 818 atque
1913 738 2383 818 inexsuperabile
2411 738 2504 797 sit.
2589 733 2770 805 Quod

564 836 639 898 ad
671 858 733 898 se
760 837 1027 897 attineret
1058 855 1287 896 summo
1315 837 1510 896 studio
1548 836 1846 896 enisurum
1883 847 1942 895 et
1984 836 2421 895 incommodum
2463 853 2624 892 nunc
2645 833 2774 891 illa-

566 943 693 996 tum
740 935 936 995 multis
966 947 1021 993 et
1053 935 1279 1014 magnis
1308 933 1629 994 commodis
1655 934 1934 994 resarciat
1959 943 2019 994 et
2066 942 2438 1011 compenset:
2479 942 2664 1009 atque
2715 931 2770 990 in

563 1033 765 1113 primis
793 1032 1062 1093 civitates
1093 1053 1227 1112 quoe
1256 1053 1289 1091 a
1316 1051 1611 1092 consensu
1640 1032 1886 1112 publico
1908 1031 2313 1092 discessissent
2340 1029 2397 1089 in
2426 1041 2773 1091 caeterorum

564 1132 908 1190 seutentiam
955 1131 1384 1200 traducturum‚
1447 1138 1512 1189 ut
1564 1149 1745 1190 unum
1802 1129 1878 1190 sit
1932 1127 2122 1188 omnis
2179 1127 2393 1188 Gautae
2442 1128 2773 1200 consilium,

568 1247 748 1290 unum
778 1247 1014 1308 corpus,
1045 1245 1161 1287 una
1190 1246 1384 1286 meus:
1432 1226 1530 1285 cui
1577 1236 1855 1285 terrarum
1885 1226 2046 1286 orbis
2073 1226 2260 1304 impar
2287 1223 2443 1284 haud
2483 1226 2666 1285 dubie
2706 1226 2778 1285 sit

566 1324 827 1387 futurus:
874 1326 933 1385 id
978 1345 1040 1386 se
1082 1345 1198 1385 non
1229 1325 1519 1385 facturum
1569 1324 1979 1387 tantummodo
2007 1324 2106 1384 sed
2139 1342 2287 1402 pene
2328 1321 2460 1399 jam
2501 1320 2777 1383 effectum

567 1434 855 1502 reputare.
943 1422 1124 1492 Quod
1181 1422 1501 1482 necessitas
1549 1442 1809 1501 praesens
1851 1430 2053 1500 poscat
2099 1431 2292 1481 castra
2319 1420 2492 1481 saluti
2520 1422 2780 1480 omnium

571 1521 624 1559 ⁸⁷
636 1540 747 1600 pro
777 1520 996 1591 futuro,
1028 1521 1230 1581 labore
1251 1521 1511 1580 omnium
1540 1541 1614 1581 ac
1639 1521 1835 1581 studio
1858 1519 2175 1580 munienda
2202 1539 2350 1590 esse,
2370 1519 2588 1600 quibus
2605 1518 2781 1578 subiti

573 1619 830 1681 bostium
887 1618 1150 1680 incursus
1198 1624 1551 1681 arceantur!
1664 1621 1855 1680 Grata
1907 1607 2178 1679 omnibus
2224 1619 2353 1678 baec
2408 1605 2520 1676 fuit
2572 1617 2780 1686 oratio,

570 1715 734 1794 quod
778 1736 893 1777 non
942 1719 1137 1777 animo
1177 1717 1529 1790 defecisset;
1583 1717 1709 1789 sed,
1745 1717 1845 1777 ubi
1886 1715 2067 1776 duces
2101 1703 2200 1775 a‘lii
2248 1714 2474 1792 magnis
2507 1712 2783 1773 cladibus

570 1816 833 1896 acceptis
881 1836 1005 1876 sese
1048 1817 1269 1877 abdere
1312 1817 1558 1887 soleant,
1603 1816 1915 1894 vultusque
1955 1814 2200 1873 militum
2251 1812 2537 1891 refugere,
2589 1812 2686 1871 hic
2725 1813 2783 1871 in

574 1912 880 1992 publicum
929 1914 1168 1993 prodiit,
1197 1924 1258 1975 et
1305 1935 1522 1975 novum
1574 1913 1777 1975 salutis
1804 1913 1917 1974 iter
1943 1911 2222 1983 ostendit,
2249 1930 2442 1989 eoque
2483 1911 2616 1989 plus
2646 1908 2787 1971 fidei

574 2007 655 2070 illi
698 2022 843 2084 erat,
891 2032 1010 2091 quo
1052 2013 1365 2073 Avaricum
1418 2011 1877 2073 incendendum·
1912 2009 2422 2087 deserendumque
2457 2007 2792 2068 -consulue-

576 2116 691 2179 rat,
723 2108 944 2169 clarum
975 2109 1364 2189 providentiae
1408 2112 1537 2188 ejus
1589 2111 1907 2171 indicium:
1952 2111 2034 2170 sic
2059 2128 2195 2168 cum
2218 2118 2560 2167 ceterorum
2607 2105 2789 2166 minui

576 2204 781 2278 soleat,
837 2206 1095 2266 adversis
1139 2218 1401 2269 creverat
1447 2208 1619 2269 ducis
1674 2208 1852 2287 hujus
1901 2206 2241 2267 auctoritas.
2277 2229 2284 2236 ·
2321 2204 2532 2283 Neque
2584 2215 2691 2264 aut
2730 2202 2788 2261 in

577 2302 787 2363 castris
815 2305 1303 2377 communiendis,
1340 2325 1475 2385 quae
1505 2305 1697 2384 primo
1727 2306 1993 2366 Rotriano
2022 2323 2183 2364 more
2215 2302 2272 2362 in
2299 2302 2497 2362 Gallia
2523 2320 2788 2361 commu-

578 2398 704 2460 nita
731 2409 888 2473 sunt,
922 2402 1237 2481 quicquam
1281 2424 1314 2462 a
1345 2401 1626 2462 militibus
1656 2412 1746 2462 est
1771 2402 2076 2474 omissum,
2109 2401 2378 2480 quamvis
2406 2399 2792 2477 impatientis·

580 2495 726 2557 sima
752 2517 894 2577 gens
922 2497 1186 2561 laborum
1215 2500 1309 2571 sit,
1353 2510 1459 2562 aut
1486 2521 1520 2561 a
1549 2499 1705 2562 duce
1749 2500 1806 2560 in
1849 2499 2229 2561 conciliandis
2276 2497 2510 2578 reliquis
2542 2507 2607 2559 ut
2651 2518 2790 2578 pro·

581 2595 817 2656 miserat
864 2597 1107 2659 urbibus
1154 2599 1274 2659 ulla
1314 2600 1373 2660 in
1421 2610 1589 2681 parte
1632 2610 1948 2660 cessatum.
2029 2600 2342 2679 cogitabat
2382 2597 2796 2676 aestuabatque

580 2691 800 2767 animo,
846 2695 1060 2757 diebus
1113 2717 1184 2757 ac
1241 2699 1514 2759 noctibus
1558 2698 1891 2771 laborabat,
1949 2696 2307 2757 sollicitabat
2364 2693 2675 2767 universas,
2713 2694 2791 2756 ad

580 2810 674 2852 res
702 2812 887 2853 novas
926 2814 1160 2855 omnem
1191 2796 1445 2857 Galliam
1476 2797 1796 2859 excitabat..
1880 2800 2068 2874 lnque
2111 2795 2226 2855 boc
2270 2813 2423 2874 opus
2468 2812 2619 2870 quos
2659 2791 2796 2851 mit-

579 2898 731 2975 teret
759 2889 913 2950 viros
939 2891 1215 2971 elegerat,
1246 2893 1346 2972 qui
1390 2894 1479 2953 vel
1524 2896 1650 2954 noti
1691 2896 1749 2953 in
1779 2894 2014 2974 populis
2051 2893 2423 2972 acceptique,
2456 2891 2544 2949 vel
2575 2889 2794 2950 blanda

583 2986 847 3047 oratione
893 2996 1071 3066 atque
1117 2990 1372 3067 ingenio,
1404 2990 1494 3050 vel
1535 2991 1874 3071 principum
1928 2990 2314 3051 familiaritate
2361 2989 2672 3069 pollentes,
2717 3005 2792 3049 ac

582 3082 769 3160 gratia
795 3083 994 3144 idonei
1015 3084 1121 3144 visi
1148 3096 1317 3146 erant
1340 3110 1358 3158 ;
1399 3107 1501 3147 eos
1544 3108 1684 3149 vero
1726 3091 1828 3167 qui
1871 3090 1948 3150 ad
1976 3110 2111 3149 eum
2141 3087 2426 3148 seminudi
2454 3098 2517 3147 et
2545 3086 2793 3146 inermes

584 3189 768 3260 capto
808 3180 993 3259 opido
1038 3181 1458 3260 confugerant3
1530 3186 1793 3246 vestibus
1837 3196 2012 3266 atque
2065 3185 2241 3246 armis
2283 3184 2574 3255 instruxit,
2615 3183 2795 3262 inque

582 3275 827 3356 gradum
857 3278 1077 3338 militiae
1104 3280 1415 3358 pristinum
1462 3282 1732 3345 restituit.
1817 3284 1912 3345 Ad
1965 3286 2094 3345 haec
2142 3282 2388 3343 diversis
2433 3302 2504 3342 ex
2554 3281 2797 3342 urbibus

512 3418 522 3428 -
584 3374 915 3454 sagittarios
956 3387 1018 3435 et
1067 3380 1253 3438 ontuis
1309 3381 1536 3456 generis
1586 3382 1876 3442 contraxit
1929 3381 2166 3453 auxilia,
2213 3380 2432 3460 quibus
2485 3390 2794 3458 acceptum

584 3472 822 3534 Avarici
842 3472 1251 3536 detrimentum
1276 3478 1670 3557 suppleretur.
1692 3481 1867 3560 [129]
1896 3483 2166 3540 Accessit
2189 3481 2240 3516 ⁸⁸
2251 3478 2612 3539 Oluruconis
2639 3477 2798 3537 tilius

585 3569 1040 3644 Tbeotomotus,
1082 3572 1548 3652 Nichioborgum
1597 3595 1719 3648 rex,
1751 3579 1923 3655 cujus
1966 3590 2190 3657 patrem
2235 3577 2536 3636 Romanus
2563 3585 2799 3635 senatus

586 3667 844 3728 amicum
872 3669 1310 3748 appellaverat:
1357 3672 1458 3732 sed
1491 3682 1557 3733 ut
1585 3677 1742 3753 saep'e
1769 3674 1874 3734 filii
1901 3675 2197 3737 derelictis
2223 3684 2527 3754 parentum
2559 3672 2800 3742 semitis,

588 3782 774 3825 novas
825 3778 1136 3844 quaerunt;
1198 3768 1309 3828 iste
1364 3781 1570 3831 eontra
1615 3771 1914 3833 Romanos
1955 3773 2031 3833 ad
2064 3771 2612 3852 ,Vercingetorigem
2662 3790 2799 3831 cum

591 3865 780 3927 multo
825 3884 885 3923 se
929 3865 1181 3926 contulit
1231 3867 1519 3945 equitatu.
1606 3870 1807 3931 Caesar
1859 3871 1935 3932 ad
1994 3870 2313 3931 Avaricum
2363 3867 2802 3948 complusculoe

589 3960 716 4020 dies
743 3961 865 4039 egit
883 3972 944 4020 et
962 3961 1235 4024 frumenti
1257 3964 1413 4044 larga
1440 3966 1519 4027 ibi
1550 3967 1726 4046 copia
1752 3981 1927 4048 atque
1948 3969 2209 4029 omnium
2238 3977 2675 4030 commeatuum
2711 3962 2802 4023 in-

664 4196 934 4329 Βῖδξῗοῐὲε,
969 4199 1237 4261 profutura.
1277 4206 1509 4255 Caesaroe
1540 4212 1603 4257 88
1641 4208 1914 4268 Ollovicjnis
1941 4208 2103 4275 filiu-r,
2130 4207 2460 4257 ’Πιεοιέοηιιιΐιω
2497 4202 2804 4265 Nitobrisw

592 4289 695 4326 σα.
774 4292 820 4326 tc
888 4282 1051 4331 ‘tesan
2411 4318 2418 4325 ·
