3117 5025
644 449 825 518 1758
1057 495 1061 499 »
1272 464 1357 513 ’.1.
1404 460 1610 511 censi
1668 459 2212 512 conmanunt}

650 609 960 674 Germani.
1041 608 1315 670 Postbaec
1344 605 1654 669 Ambiorix
1681 604 2024 685 iniquissimi
2064 605 2186 666 voti
2211 605 2563 685 compo-«rad
2593 608 2854 686 graviora

562 721 567 724 ·
650 727 716 769 se
745 714 1065 788 praeparat:
1111 725 1333 787 perque
1361 705 1580 767 vicinas
1622 714 1826 786 gentes
1854 703 1993 764 odio
2020 711 2287 783 raptante
2315 702 2607 775 discurrit,
2635 705 2852 784 legates

648 805 807 866 duos
836 814 895 865 et
924 824 1195 884 magnam
1226 813 1450 885 partem
1481 802 1731 866 Romani
1758 802 2053 863 exercitus
2083 801 2303 881 perisse
2330 802 2609 862 dictitans
2637 813 2855 875 monet,

648 910 804 974 crat,
834 902 1125 972 obsecrat,
1156 921 1227 962 ne
1275 900 1551 962 vindictae
1595 911 1654 960 et
1699 898 2114 979 recuperandoe
2143 898 2203 958 in
2230 910 2580 978 perpetuum
2608 900 2856 966 Gallice

649 999 937 1060 libertatis
978 997 1153 1060 ²⁶labi
1195 1017 1303 1078 per
1348 998 1636 1079 ignaviam
1672 998 1994 1076 patiantur:
2037 997 2312 1059 ardentes
2342 997 2857 1079 inflammarepes-

652 1097 827 1159 facile
874 1106 985 1160 est.
1068 1096 1479 1175 ²⁷conjuravit
1522 1095 1701 1174 igitur
1748 1105 2245 1175 concurruntque,
2291 1105 2351 1157 et
2399 1095 2570 1157 unius
2621 1097 2858 1160 hortatu

652 1194 822 1256 multi
850 1194 1165 1266 insaniunt,
1213 1194 1495 1274 factoque
1522 1192 1755 1272 agmine
1799 1192 1874 1254 ad
1920 1191 2034 1255 alia
2075 1194 2476 1254 Romanorum
2505 1202 2700 1255 castra
2725 1211 2857 1271 pes-

656 1292 913 1364 veniunt,
942 1291 1020 1354 ad
1062 1312 1133 1353 ea
1160 1292 1385 1354 scilicet
1412 1290 1627 1371 quibus
1653 1291 1908 1361 Quintus
1954 1291 2166 1352 Cicero
2194 1290 2388 1369 magni
2415 1290 2720 1352 Ciceronis
2748 1289 2859 1351 fra-

655 1398 748 1451 ter
772 1401 1040 1469 praeerat.
1122 1391 1309 1452 ²⁸Nec
1337 1390 1427 1452 vir
1453 1389 1704 1470 ingentis
1742 1389 1945 1459 animi,
1994 1388 2097 1452 sed
2127 1388 2411 1450 nullarum
2453 1387 2684 1449 virium.
2767 1389 2857 1449 Eo

654 1486 856 1565 itaque
884 1508 1018 1548 cum
1047 1487 1358 1560 venissent,
1388 1506 1512 1566 quo
1537 1497 1806 1566 acceptae
1854 1485 2039 1547 cladis
2076 1483 2341 1546 nondum
2386 1484 2545 1545 fama
2586 1504 2859 1565 pervene-

652 1591 767 1653 rat,
794 1583 1019 1661 aliquot
1048 1583 1360 1662 lignatores
1388 1585 1470 1645 nil
1500 1584 1620 1646 tale
1657 1592 1978 1646 metuentes
2018 1585 2072 1644 in
2115 1583 2290 1655 silvis,
2335 1583 2474 1663 [95]
2520 1602 2640 1662 quo
2670 1582 2854 1644 mnni-

654 1676 831 1740 tionis
868 1689 1190 1740 castrorum
1237 1700 1418 1744 causa
1463 1691 1858 1762 perrexerant,
1899 1680 2154 1741 adventu
2185 1681 2442 1744 hostium
2473 1679 2675 1740 subito
2698 1678 2857 1758 capti

657 1786 810 1849 sunt,
860 1777 1012 1839 hanc
1052 1778 1212 1840 velut
1250 1781 1475 1848 arrham
1507 1779 1772 1842 victoriae
1824 1788 2087 1839 tenentes
2137 1797 2350 1854 magno
2397 1777 2624 1856 impetu
2651 1787 2857 1837 -castra

654 1874 960 1937 invadunt.
1005 1876 1256 1938 Romani
1283 1897 1471 1957 usque
1496 1878 1574 1938 ad
1603 1895 1906 1956 vesperam
1933 1876 2099 1936 circa
2124 1873 2525 1936 defensionem
2556 1874 2856 1953 occupati,

653 1989 761 2050 per
784 1983 1024 2036 noctem
1051 1992 1121 2033 ex
1148 1973 1428 2040 confecta
1466 1973 1595 2052 jam
1622 1984 1757 2034 ante
1785 1973 2044 2044 materia,
2073 1980 2311 2032 centnm
2354 1970 2557 2047 viginti
2587 1980 2773 2031 turres
2802 1971 2858 2032 in

660 2078 983 2130 castrorum
1014 2070 1242 2130 ambitu
1267 2070 1542 2140 attolunt,
1584 2067 1781 2130 ²”tuuc
1811 2069 1954 2130 mira
1993 2068 2321 2141 velocitate,
2368 2077 2434 2128 ut
2461 2087 2630 2129 mane
2659 2068 2858 2132 hostes

654 2164 886 2225 attoniti
914 2184 1032 2224 non
1074 2164 1396 2230 humanum
1441 2185 1615 2246 opus,
1662 2166 1762 2226 sed
1811 2175 2135 2228 monstrum
2177 2166 2418 2246 aliquod
2468 2165 2578 2226 sibi
2628 2183 2861 2228 cernere

656 2260 1015 2324 viderentur.
1097 2260 1305 2323 Multis
1332 2262 1544 2323 deinde
1568 2262 1864 2322 continuis
1892 2262 2121 2335 diebus,
2156 2264 2292 2326 hinc
2332 2265 2406 2325 ad
2439 2262 2859 2334 defensionem,

655 2359 816 2420 illinc
865 2358 940 2425 ad
998 2361 1494 2439 oppugnationem
1551 2369 1879 2422 castrorum
1935 2362 2122 2422 multa
2182 2362 2474 2442 utrimque
2542 2360 2859 2439 pertinacia

655 2456 983 2519 animorum
1011 2467 1187 2538 atque
1228 2458 1617 2521 obstinatione
1658 2467 1945 2522 certatum
1989 2467 2094 2521 est.
2179 2460 2340 2520 Dum
2369 2459 2529 2521 Galli
2558 2469 2858 2538 perpetum

657 2553 923 2616 victoriae
950 2555 1047 2617 hic
1075 2556 1391 2635 repositam
1434 2575 1602 2636 spem
1647 2565 1954 2637 putarent:
1999 2557 2252 2617 Romani
2295 2566 2489 2618 autem
2535 2556 2860 2636 periculum

657 2661 1105 2733 cognoscentes,
1133 2652 1278 2714 nihil
1306 2654 1659 2726 omitterent,
1689 2664 1750 2714 et
1797 2652 1959 2734 quod
2008 2652 2131 2714 luci
2175 2653 2473 2727 defuisset,
2517 2664 2692 2717 nocte
2722 2673 2860 2732 sup·

657 2749 904 2830 plerent,
953 2758 1019 2810 ut
1066 2751 1163 2811 vix
1210 2751 1396 2812 ullum
1444 2751 1641 2831 sopori
1690 2760 1923 2830 tempus
1970 2748 2397 2829 indulgeretur:
2442 2770 2561 2810 non
2608 2750 2685 2810 ab
2734 2751 2860 2812 aliis

661 2845 860 2919 modo,
891 2845 996 2908 sed
1025 2847 1104 2908 ab
1131 2848 1259 2927 ipso
1286 2848 1462 2921 duce,
1504 2849 1681 2926 cujus
1709 2846 2162 2909 imbecillitatem
2194 2832 2400 2908 milites
2429 2847 2683 2908 miserati
2712 2866 2859 2915 non-

656 2962 957 3023 nunquam
996 2955 1359 3007 recusantem
1387 2945 1549 3005 illum
1592 2945 1669 3005 ad
1713 2944 1973 3023 requiem
2021 2943 2475 3023 compellebant.
2557 2945 2695 3023 Ipse
2722 2964 2858 3006 vern

646 3040 1007 3119 Jampridem
1060 3043 1251 3121 primo
1302 3045 1381 3104 ab
1435 3042 1761 3104 obsidionis
1817 3041 1932 3114 die,
1988 3040 2063 3101 de
2120 3049 2274 3101 statu
2329 3061 2520 3103 rernm
2567 3043 2860 3104 Caesarem

656 3137 853 3199 facere
880 3137 1188 3199 certiorem
1215 3138 1377 3201 nisus
1403 3149 1546 3212 erat,
1575 3139 1678 3200 sed
1708 3139 2014 3220 praeclusis
2059 3139 2361 3200 itineribus
2389 3148 2452 3199 et
2476 3140 2859 3218 comprehen-

655 3234 732 3296 sis
781 3235 1002 3296 nuntiis
1051 3235 1269 3298 santra
1312 3236 1520 3299 suerat.
1604 3240 1926 3299 Tentatum
1973 3237 2031 3297 in
2080 3238 2172 3298 his
2211 3238 2385 3299 etiam
2431 3237 2684 3299 hibernis
2729 3237 2858 3310 fuit,

657 3331 821 3413 quod
870 3332 933 3391 in
982 3332 1109 3396 aliis
1157 3335 1337 3413 paulo
1379 3344 1515 3397 ante
1564 3343 1948 3407 successerat,
1996 3344 2062 3395 ut
2115 3335 2370 3396 Romani
2420 3345 2482 3395 et
2532 3335 2859 3415 conjuratas

658 3428 879 3493 Gauiae
917 3441 979 3491 et
1023 3431 1361 3493 Germanici
1406 3431 1607 3493 auxilii
1652 3441 1813 3492 metu
1858 3431 2116 3504 incusso,
2169 3441 2231 3492 et
2280 3433 2562 3492 comitum
2608 3432 2860 3493 recentis

657 3542 835 3589 casus
858 3528 1141 3591 memoria
1167 3528 1471 3602 admoniti,
1501 3529 1721 3590 abeant
1749 3546 2112 3608 quocunque
2143 3527 2382 3589 libuerit
2408 3527 2634 3589 intacti.
2718 3529 2857 3590 Non

658 3644 723 3687 se
748 3626 902 3691 enim
933 3627 1231 3687 Romanos
1266 3625 1479 3698 odisse,
1511 3644 1624 3687 nec
1652 3626 2016 3696 Ciceronem,
2047 3643 2238 3704 neque
2265 3624 2502 3685 omnino
2531 3622 2857 3704 quidquam

655 3721 816 3785 alind
847 3724 1098 3787 Romani
1126 3723 1359 3804 imperii
1385 3743 1654 3786 recusare
1679 3732 1892 3804 praeter
1919 3723 2320 3803 importunam
2363 3723 2514 3783 hanc
2541 3732 2858 3785 consuetu·

657 3819 855 3882 dinem
885 3822 1291 3892 hibernorum:
1336 3842 1453 3903 qua
1500 3822 1749 3893 sublata,
1780 3831 1994 3882 coetera
2037 3819 2232 3879 omnia
2279 3819 2453 3880 facile
2481 3828 2856 3891 conventura,

656 3917 905 3997 proinde
933 3928 1197 3997 paratam
1228 3919 1342 3981 illis
1366 3940 1495 3980 esse
1539 3920 1907 3981 securitatem
1953 3938 2027 3978 ac
2055 3917 2349 3978 licentiam
2399 3916 2677 3985 abeundi.
2759 3916 2857 3981 Ad

657 4014 777 4076 hoo
807 4015 1017 4079 Cicero
1044 4017 1216 4098 longe
1262 4017 1434 4083 aliter
1458 4036 1529 4080 ac
1556 4017 1856 4089 Tituriusg
1903 4026 1921 4052 ‘
1941 4036 2061 4077 non
2105 4036 2236 4079 esse
2282 4014 2570 4079 Romanis
2616 4017 2861 4079 ωσι-ω’

659 4274 790 4406 uffo
818 4270 1047 4405 matur
1067 4271 1267 4340 deesse,
1306 4276 1742 4328 mamm—8⁷
1779 4276 1944 4343 Lege,
1976 4272 2373 4338 confiunt—ss
2405 4274 2565 4340 laege,
2607 4270 2859 4326 uta-ss

739 4367 825 4421 8⁰>
944 4385 959 4405 ·
2185 4394 2192 4409 ·
