3117 5025
601 410 773 478 1814
1255 427 1315 477 s.
1361 423 1570 474 cuns!
1617 419 2152 473 connssn‘rAnn

605 581 659 620 ⁷*
672 578 1157 641 versellednnum
1187 578 1311 642 ⁷'ld
1342 577 1550 659 opido,
1577 576 2032 648 obsidebantur,
2081 583 2210 638 erat
2253 595 2488 648 nomen,
2535 596 2807 656 compor-

600 676 793 739 tandis
812 677 1064 739 intentos
1085 693 1405 758 eggressus,
1430 674 1766 738 Lucterium
1790 693 2045 736 seorsum
2069 677 2149 736 ita
2169 675 2296 736 acie
2315 675 2608 748 contudit,
2632 687 2697 735 ut
2715 676 2808 736 vix

603 795 676 835 eo
701 793 839 837 cnm
862 776 1227 856 paucissimis
1254 776 1530 857 fugiente,
1552 776 1642 837 sni
1664 775 1740 835 ad
1762 796 1944 839 unum
1965 794 2167 836 omnes
2188 773 2581 835 caederentur:
2609 794 2810 858 ⁴neque

601 874 754 933 enim
786 893 1121 955 quenquam
1151 875 1532 937 scelestorum
1581 874 1775 936 furum
1810 874 2056 935 Romani
2099 872 2311 933 milites
2351 872 2549 932 vivum
2597 891 2810 952 capere

482 1045 489 1054 ο
584 970 1012 1050 dignarentur:
1057 983 1217 1033 tanta
1245 972 1499 1052 deniqne
1524 981 1744 1052 strages
1773 970 1885 1033 fuit
1913 980 2075 1031 utne
2102 989 2254 1031 nnus
2282 969 2523 1050 quidem
2549 988 2812 1048 superes·

605 1078 711 1141 set,
755 1069 859 1149 qni
906 1070 989 1129 rei
1036 1070 1275 1132 nuntius
1303 1071 1376 1131 ad
1408 1073 1770 1149 Drapentem
1800 1070 1931 1138 iret,
1960 1067 2064 1148 qui
2093 1078 2158 1128 nt
2186 1082 2332 1147 puto
2359 1085 2551 1126 rernm
2579 1067 2812 1127 nescius

602 1168 662 1225 in
692 1166 895 1230 castris
922 1186 1120 1247 agens,
1139 1176 1199 1227 et
1227 1167 1477 1227 sortasse
1506 1167 1730 1228 socium
1752 1176 2090 1245 expectans,
2111 1166 2309 1226 subito
2337 1165 2593 1225 hostium
2620 1163 2812 1223 incur·

604 1258 825 1342 sn'pari
856 1274 1051 1343 strage
1074 1264 1301 1327 deletus
1329 1276 1448 1327 est:
1477 1267 1593 1326 hoc
1616 1264 1893 1338 interfuit,
1925 1265 2087 1343 qnod
2114 1263 2263 1323 alter
2280 1263 2398 1323 suis
2420 1261 2808 1341 pereuntibus

601 1359 850 1432 abierat,
896 1362 994 1423 bic
1022 1362 1082 1422 in
1105 1382 1312 1423 manns
1340 1363 1596 1424 hostium
1626 1362 1791 1423 vivus
1821 1363 2006 1423 venit:
2052 1363 2376 1440 paucisque
2422 1370 2560 1438 post
2598 1359 2811 1421 diebus

603 1478 706 1519 seu
733 1458 938 1519 dolore
964 1460 1324 1540 captivitatis
1372 1461 1728 1522 ‹et-fortunae
1767 1481 1869 1521 seu
1920 1457 2153 1529 ⁷⁶odio,
2199 1478 2300 1518 sen
2347 1466 2509 1517 metu
2537 1457 2816 1537 supplicii

601 1556 899 1632 gravioris,
941 1565 1266 1638 spontanea
1294 1556 1412 1617 cibi
1440 1556 1637 1618 inedia
1663 1557 1841 1617 vitam
1870 1555 2075 1618 finivit.
2159 1555 2269 1616 nis
2293 1554 2540 1615 feliciter
2558 1553 2813 1618 fortiter-

604 1670 720 1730 que
748 1672 855 1732 per
881 1653 1102 1734 legatos
1131 1655 1326 1733 gestis,
1370 1657 1573 1716 Caesnr
1610 1655 1815 1716 relicto
1863 1655 1922 1715 in
1963 1653 2286 1715 Bellovacis
2311 1655 2520 1714 Marco
2551 1653 2818 1714 Antonio

602 1770 739 1811 cum
767 1751 1057 1831 praesidio,
1101 1772 1173 1812 ne
1196 1753 1340 1833 quid
1370 1752 1507 1816 novi
1533 1752 1822 1813 tumultus
1849 1753 2118 1822 oriretur,
2163 1770 2270 1830 per
2309 1771 2370 1810 se
2414 1750 2607 1830 ipsum
2645 1752 2820 1814 urbes

601 1848 743 1910 nlius
782 1850 1009 1911 invisit:
1069 1851 1448 1931 evocatisque
1491 1849 1569 1910 nd
1618 1850 1956 1911 concionem
1996 1849 2253 1928 populis,
2296 1849 2559 1910 oratione
2588 1850 2718 1912 miti
2746 1871 2816 1912 nc

603 1946 932 2028 magnifica,
975 1969 1097 2029 qna
1123 1949 1183 2010 in
1213 1969 1273 2010 re
1302 1949 1596 2029 principes
1617 1949 1874 2010 omnium
1906 1949 2232 2009 seculorum
2261 1948 2417 2020 vicit,
2444 1958 2507 2009 et
2532 1960 2817 2027 prestan-

604 2043 853 2104 tissimos
880 2057 1141 2107 oratores
1168 2048 1460 2126 aequavit;
1511 2041 1706 2109 mnl'tn‘
1741 2048 2001 2127 nudique
2048 2047 2390 2127 perturbata
2437 2049 2814 2126 composuit:

600 2161 737 2203 nam
762 2153 824 2204 et
851 2145 1073 2206 amicos
1120 2150 1173 2186 ⁷⁷
1192 2146 1289 2207 in·
1336 2147 1502 2218 ravit,
1544 2158 1612 2207 et:
1655 2148 1851 2208 hostes
1879 2146 2155 2226 placavit,
2196 2141 2264 2206 et'
2297 2144 2513 2206 dubios
2537 2144 2816 2217 firmavit,

602 2238 872 2318 dejectos
906 2243 957 2280 ⁷⁸
978 2242 1167 2322 eripit,
1207 2255 1269 2305 et
1294 2255 1530 2305 moestos
1559 2264 1631 2304 nc
1659 2244 1907 2324 pavidos
1925 2242 2263 2304 consolatus
2290 2252 2398 2302 est.
2427 2241 2602 2321 [167]
2655 2244 2817 2303 luter

604 2348 851 2399 caeteros
879 2341 1135 2420 populos
1163 2360 1300 2402 cnm
1331 2342 1622 2402 Carnutes
1647 2340 1908 2413 adiisset,
1952 2339 2107 2400 unde
2136 2348 2201 2399 ut
2228 2338 2480 2399 diximus
2512 2338 2698 2399 multa
2727 2358 2817 2399 re·

606 2435 780 2496 bellio
807 2448 940 2498 orta
965 2446 1122 2511 erat,
1152 2439 1421 2519 cogitans
1447 2459 1551 2499 eos
1579 2439 1714 2518 plns
1740 2438 1969 2498 caeteris
1997 2437 2267 2497 omnibus
2309 2445 2547 2517 propter
2571 2436 2818 2498 offensae

604 2535 1027 2597 conscientiam
1055 2536 1387 2610 formidare,
1431 2558 1567 2599 mox
1616 2548 1686 2599 ut.
1728 2538 1928 2598 urbem
1969 2536 2184 2617 attigit,
2225 2536 2649 2614 conjurationis
2674 2556 2819 2597 auc·

601 2642 787 2693 torem
829 2634 1296 2696 ⁷⁹Gnttnrarium
1321 2624 1750 2715 -depoposcitz'
1777 2634 1826 2693 is
1877 2634 2117 2714 vulgato
2147 2654 2307 2695 more
2360 2634 2684 2706 bominum,
2716 2634 2818 2714 qni

601 2728 850 2791 libenter
875 2751 1190 2794 commune
1216 2735 1474 2797 omnium
1500 2733 1830 2813 pericnlum
1860 2731 2033 2793 nnius
2062 2732 2120 2790 in
2147 2740 2329 2812 caput
2357 2741 2612 2803 vertunt,
2652 2752 2816 2812 qnoe·

600 2827 745 2888 situs
773 2847 808 2887 a
835 2831 1063 2909 populo
1088 2831 1401 2912 diligenter
1423 2841 1486 2893 et
1511 2831 1783 2891 inventus
1820 2849 1958 2891 cnm
1996 2830 2073 2889 ad
2127 2848 2259 2888 eum
2305 2828 2599 2889 adductus
2641 2840 2815 2902 esset,

602 2928 715 2988 vim
739 2939 965 2990 unturae
994 2946 1117 2990 suoe
1145 2931 1346 2990 Caesar
1373 2928 1605 2995 attulit:
1653 2936 1835 3005 utque
1870 2927 2039 2986 nnius
2068 2926 2361 3005 supplicio
2399 2933 2562 2986 metu
2608 2945 2817 2987 omnes

599 3025 948 3098 absolveret,
991 3027 1154 3087 illum
1183 3047 1220 3086 n
1246 3047 1367 3105 quo
1394 3026 1611 3086 damna
1652 3036 1711 3087 et
1760 3025 1907 3085 mala
1951 3024 2144 3084 omnia
2189 3024 2470 3084 exercitui
2506 3023 2664 3083 illata
2691 3043 2822 3084 om·

601 3122 762 3183 nium
791 3142 907 3182 una
934 3136 1082 3184 voce
1111 3124 1442 3196 constabat,
1474 3123 1720 3184 militnm
1750 3122 1890 3183 odio
1928 3122 2216 3201 permisit,
2257 3131 2318 3182 et
2363 3121 2550 3182 securi
2577 3119 2818 3200 ‚percuti

601 3237 806 3296 pessus
859 3229 965 3282 est.
1064 3220 1286 3281 Caesnri
1345 3220 1504 3299 apud
1560 3222 1846 3281 Carnutes
1896 3219 2092 3300 agenti
2145 3219 2354 3280 litterae
2404 3217 2732 3278 redduntur
2783 3237 2819 3277 a

603 3314 831 3376 Cannio
872 3317 1085 3397 legato,
1117 3316 1195 3376 de
1235 3324 1420 3396 strage
1451 3318 1726 3390 hostium,
1770 3318 2148 3396 Lucteriique
2187 3318 2325 3397 fuga
2372 3326 2434 3377 et
2475 3314 2819 3394 captivitate

602 3412 941 3492 Drappetis,
966 3415 1203 3494 insuper
1231 3425 1293 3476 et
1317 3415 1395 3474 de
1421 3416 1805 3494 opidimorum
1837 3414 2186 3475 immutabili
2216 3415 2541 3493 proposito,
2570 3413 2675 3493 qui
2704 3432 2818 3473 nec

603 3510 823 3571 ducum
863 3523 1096 3584 eventu,
1129 3533 1240 3574 nec
1266 3514 1557 3575 exercitus
1593 3513 1999 3574 flecterentur:
2043 3533 2179 3592 quae
2208 3533 2322 3584 res,
2346 3513 2456 3572 etsi
2494 3509 2820 3571 admodum

574 3608 799 3690 'parvm
828 3610 1082 3669 animum
1113 3609 1283 3670 ducis
1311 3613 1487 3670 movit
1513 3634 1529 3683 3
1578 3630 1652 3672 ne
1680 3610 1909 3670 scilicet
1934 3630 2114 3670 unum
2142 3608 2389 3688 opidum
2421 3608 2618 3668 multis
2658 3608 2820 3667 urbi-

603 3705 715 3767 bus
741 3716 1147 3788 argumentum
1174 3718 1346 3779 esset,
1376 3727 1493 3767 non
1537 3708 1649 3768 sibi
1685 3709 2084 3786 superioribus
2114 3707 2280 3768 bellis
2318 3706 2391 3766 nd
2421 3704 2819 3765 defensionem

596 3803 899 3878 libertatis,
949 3814 1068 3865 tam
1114 3805 1437 3884 potentiam
1466 3824 1643 3883 quam
1691 3805 2073 3865 constantiam
2122 3803 2416 3865 defuisse:
2455 3812 2516 3862 et
2556 3801 2822 3880 potuisse

600 3901 773 3961 nrbes
799 3903 1007 3983 teneri,
1034 3921 1169 3962 cum
1193 3901 1374 3981 opida
1401 3909 1774 3961 tenerentur:
1819 3900 1971 3960 banc
2013 3900 2343 3980 opinionem
2386 3897 2815 3976 extirpandum,

596 4014 670 4057 ne
697 4016 817 4076 qna
842 3996 995 4057 forte
1022 3999 1423 4058 novandarum
1454 4016 1644 4058 rerum
1674 4017 1798 4057 esse
1820 4008 2025 4077 posset
2045 3996 2279 4058 occasio
2301 4019 2318 4066 ;
2362 4006 2417 4055 et
2441 3996 2815 4057 obsessorum

661 4178 727 4224 ⁷4
760 4175 919 4239 Lege,
964 4177 1453 4240 strennuitate-75
1487 4178 1649 4241 Lege,
1681 4175 1760 4242 (id
1779 4176 1964 4241 oppido,
1997 4191 2085 4240 qno
2107 4174 2454 4236 obsidebantur,
2490 4177 2594 4222 erut
2626 4170 2820 4236 ma)

595 4257 940 4321 comportandis
981 4256 1245 4318 frmnmis
1280 4258 1636 4308 intentam—⁷6
1678 4258 1840 4320 Lege,
1883 4256 2175 4309 metim—7⁷
2231 4255 2392 4319 Lege,
2430 4253 2818 4306 himma—ts

599 4337 777 4403 Forte,
793 4338 1096 4390 erexit—w
1119 4340 1445 4390 Gutturoevm
1466 4345 1548 4391 est
1570 4339 1623 4389 iu
1650 4341 1876 4390 (ἕποιτο.
