3117 5025
570 384 747 454 1⁷⁰⁰
1213 396 1275 450 s.
1317 394 1533 448 causi
1582 394 2120 447 conum-mnu

568 568 772 612 omnes
796 552 901 608 aut
925 544 1222 616 cederent,
1248 553 1354 607 aut
1378 544 1666 625 perirentz
1710 543 1809 605 bic
1836 543 1896 604 in
1924 560 2186 623 praesens
2213 539 2542 603 Galliarum
2581 548 2766 603 status

565 653 711 716 erat,
737 652 799 704 et
823 643 1205 723 imposterum
1230 642 1419 703 timeri
1446 650 1701 721 poterat,
1747 661 1822 701 ne
1871 640 2060 702 Gallis
2108 638 2453 718 expugnatis
2492 638 2774 702 Germani

568 743 826 808 victores
853 741 914 802 in
938 739 1271 821 provincias
1298 740 1503 820 populi
1553 738 1803 800 Romani
1851 737 2189 800 transmisso
2237 735 2515 797 Rhodani
2542 736 2776 815 gurgite

565 848 954 922 penetrarent,
983 847 1045 898 et
1068 837 1335 918 proxima
1362 856 1618 917 quaeque
1647 843 1959 905 vastantes,
1989 833 2148 913 quod
2176 832 2374 894 multis
2401 841 2535 893 ante
2559 833 2774 893 seculis

566 936 853 1009 fecerant,
881 936 940 995 in
969 936 1199 998 Italiam
1217 936 1628 1014 irrumperent.
1709 932 1937 991 Horum
1967 940 2164 991 tamen
2202 929 2463 990 omnium
2505 940 2773 990 motuum

566 1035 766 1096 nullus
813 1034 1077 1113 periculo
1116 1032 1436 1113 proximior
1475 1032 1803 1109 Romaeque
1845 1029 2136 1108 vulgatior
2161 1046 2335 1108 quam
2365 1025 2774 1090 Helvetiorum

567 1141 891 1214 apparatus
916 1140 976 1193 et
1002 1132 1126 1194 dies
1152 1132 1230 1194 ad
1275 1130 1547 1191 Rhodani
1597 1128 1908 1189 transitum
1944 1126 2189 1206 publico
2225 1123 2499 1204 praefixus
2548 1124 2772 1185 edicto.

512 1304 529 1319 .
571 1230 763 1309 quue
788 1230 825 1292 J
832 1230 1013 1291 ulium
1042 1230 1335 1291 Caesarem
1358 1237 1424 1290 ut
1449 1227 1525 1288 ad
1554 1247 1677 1288 rem
1705 1226 1940 1287 redeam
1962 1225 2210 1285 celerare
2236 1221 2554 1301 compulit;
2596 1241 2774 1301 repu-

567 1337 791 1389 tantem
820 1328 1028 1408 quanti
1056 1326 1406 1388 discriminis
1445 1337 1598 1388 esset
1645 1325 2184 1406 quantulacumque
2231 1320 2550 1386 cunctatio,
2595 1329 2782 1397 atque

568 1423 632 1485 id
662 1427 969 1507 praecipue
1016 1426 1373 1490 recolentem
1423 1425 1671 1505 qualiter
1716 1443 1856 1503 gens
1899 1421 2103 1482 eadem
2132 1418 2429 1499 quondam
2461 1416 2532 1476 L.
2562 1416 2776 1476 Cassio

570 1523 815 1584 consule
841 1525 1211 1593 obtruncato,
1259 1521 1875 1584 Romanum·fudisset
1901 1518 2238 1589 exercitum,
2266 1511 2632 1594 misissetque
2659 1515 2774 1575 sub

563 1616 800 1698 jugum.
884 1621 1208 1699 Eapropter
1233 1619 1503 1680 omnibus
1530 1618 1920 1698 impigerrime
1957 1615 2308 1695 comparatis
2354 1613 2652 1694 profectus
2693 1612 2773 1673 ab

576 1716 721 1777 urbe
744 1724 928 1796 atque
974 1716 1033 1776 in
1077 1717 1333 1778 Galliam
1367 1717 1700 1778 ulteriorem
1729 1715 1874 1776 mira
1901 1714 2212 1775 velocitate
2237 1721 2623 1791 transgressus
2650 1710 2780 1771 Ge-

570 1812 825 1875 bennam
852 1814 927 1874 ad
949 1815 1196 1894 periculi
1224 1815 1421 1875 locum
1450 1814 1627 1883 venit,
1657 1814 1977 1892 statimque
2000 1810 2310 1890 provinciae
2336 1817 2560 1888 quanto
2590 1808 2777 1870 maxi-

569 1928 734 1971 mum
762 1912 885 1992 pati
913 1921 1119 1992 posset
1164 1912 1416 1973 militum
1462 1931 1766 1971 numerum
1815 1908 2142 1990 imperavit.
2227 1907 2480 1986 Cognito
2524 1908 2775 1968 Coesaris

568 2006 831 2090 adventu
859 2010 1259 2072 Helvetiorum
1286 2008 1501 2087 legatio
1525 2029 1599 2069 ex
1627 2008 1982 2086 primoribus
2011 2006 2197 2084 gentis
2240 2005 2402 2065 illico
2448 2025 2584 2066 eum
2626 2006 2774 2078 adit,

570 2114 742 2165 orant
769 2104 879 2165 iter
905 2124 1013 2185 per
1055 2104 1416 2182 provinciam
1456 2105 1803 2174 Romanam,
1833 2104 2059 2182 iterque
2100 2103 2213 2163 sibi
2240 2103 2463 2163 nullum
2507 2101 2558 2141 ⁵⁷
2575 2102 2782 2164 adesse

572 2209 886 2271 testantur,
936 2220 1117 2280 seque
1145 2201 1268 2260 sine
1312 2200 1667 2279 cujusquam
1715 2200 1953 2273 damno,
2005 2202 2130 2261 sine
2182 2199 2391 2277 injuria
2437 2199 2781 2261 transituros

577 2297 894 2377 spondent.
918 2263 932 2394 1
1003 2299 1198 2358 Caesar
1250 2297 1362 2357 etsi
1416 2297 1568 2356 male
1622 2296 1840 2357 meritis
1887 2297 2116 2376 placere
2160 2297 2348 2358 nollet
2389 2307 2451 2358 et
2502 2297 2779 2376 pollicitis

464 2437 473 2446 -
575 2393 795 2456 nullam
826 2392 1005 2453 fidem
1036 2394 1300 2465 haberet,
1328 2401 1504 2474 atque
1530 2391 1667 2454 ideo
1684 2393 1816 2471 jam
1842 2395 2327 2475 responsi'certus
2350 2405 2528 2468 esset,
2571 2416 2647 2456 ne
2695 2405 2782 2455 ta·

573 2490 1056 2571 men‘exercitum
1086 2490 1288 2551 itinere
1324 2489 1630 2570 fatigatum
1679 2510 1860 2572 seque
1903 2492 2158 2554 ⁵⁸tamen
2205 2493 2456 2555 maxime
2498 2514 2782 2574 conquae-

572 2589 768 2651 rendis
796 2589 1077 2649 militibus
1124 2596 1477 2668 occupatum
1523 2591 1833 2668 repentina
1879 2591 2135 2651 hostium
2181 2592 2447 2653 turbaret
2487 2592 2777 2663 incursi03

574 2685 942 2748 deliberandi
996 2687 1253 2765 spatium
1310 2688 1610 2766 poposcit.
1695 2689 1730 2748 J
1739 2688 1878 2749 ussis
1927 2687 2134 2766 legatis
2178 2689 2385 2750 Idibus
2433 2689 2651 2770 Aprilis
2697 2689 2775 2751 ad

576 2804 640 2845 se
669 2785 875 2858 redire,
906 2786 1101 2845 medio
1130 2797 1392 2863 tempore
1420 2803 1663 2845 suorum
1689 2785 1906 2863 pariter
1931 2794 1992 2845 et
2021 2785 2343 2846 incolarum
2372 2785 2555 2847 fretus
2597 2806 2779 2866 opera

574 2882 805 2962 abipso
834 2884 966 2943 lacu
996 2883 1073 2942 ad
1103 2893 1358 2943 montem
1383 2882 1613 2955 Juram,
1660 2904 1835 2963 quem
1884 2882 2262 2962 praediximus
2308 2883 2514 2943 decem
2557 2883 2778 2946 ”milia

574 2996 856 3057 passuum
885 3000 1137 3052 murum,
1178 2979 1501 3040 altitudinis
1544 2978 1770 3059 pedum
1816 2978 2065 3040 sedecim
2108 2977 2444 3058 fossamque
2488 2978 2778 3061 perfecit:

575 3077 861 3155 praesidiis
903 3088 1257 3138 armatorum
1301 3088 1593 3157 oportune
1639 3077 1975 3157 dispositis;
2019 3078 2394 3159 castellisque
2433 3086 2495 3140 et
2519 3099 2781 3161 propug-

576 3174 811 3234 naculis
838 3174 1165 3254 impositis:
1206 3175 1341 3255 [22]
1379 3196 1532 3256 opus
1558 3176 1792 3249 mirum,
1841 3177 1936 3236 vix
1974 3176 2277 3249 credibile,
2323 3176 2431 3237 nisi
2474 3198 2510 3237 a
2554 3179 2782 3239 Caesare

576 3270 805 3332 factum
832 3292 958 3331 esse
983 3283 1044 3332 et
1071 3292 1109 3332 a
1135 3272 1305 3333 claris
1342 3275 1685 3335 auctoribus
1715 3274 2019 3354 scriptum,
2067 3274 2530 3354 mandatumque
2566 3294 2785 3337 memo·

576 3368 683 3428 riae
710 3368 809 3448 qui
835 3370 976 3449 ipsis
1026 3371 1201 3431 rebus
1250 3370 1566 3433 interfuere
1606 3376 1924 3452 *magnum
1967 3370 2233 3455 ⁶⁰tamen
2260 3372 2633 3433 nihilominus
2658 3372 2782 3433 aui·

581 3485 778 3536 mosae,
806 3467 909 3527 sed
937 3468 1186 3529 incautas
1211 3470 1401 3549 gentis
1415 3471 1752 3549 judicium:
1795 3468 1845 3511 ⁶¹
1861 3469 2107 3551 provide
2149 3470 2355 3548 legatis
2397 3468 2781 3530 redeuntibus

581 3561 658 3625 ad
688 3563 992 3644 praefixum
1021 3565 1194 3637 diem,
1221 3578 1394 3647 negat
1418 3567 1640 3648 aliquid
1669 3554 1749 3628 de
1777 3566 1846 3628 iis
1887 3586 2024 3646 quae
2070 3574 2337 3645 peterent
2378 3585 2441 3626 se
2488 3566 2783 3628 facturum

584 3658 819 3721 Caesar:
865 3681 1056 3741 neque
1084 3663 1195 3724 sibi
1224 3666 1491 3725 Romano
1519 3686 1682 3726 more
1721 3664 1946 3725 licitum
1988 3664 2132 3725 dicit
2157 3684 2265 3743 per
2287 3663 2609 3724 amicorum
2638 3661 2786 3725 fines

582 3757 815 3817 armatis
838 3759 1182 3821 exercitibus
1209 3760 1359 3822 viam
1389 3762 1549 3822 dare.
1632 3762 1723 3821 Illi
1765 3762 2143 3841 responsione
2187 3761 2390 3823 habita
2435 3781 2497 3822 se
2544 3759 2783 3823 delusos

586 3850 691 3913 ubi
715 3852 1123 3915 intellexeruut
1155 3857 1340 3917 moesti
1367 3867 1429 3917 et
1457 3857 1587 3918 irati
1613 3877 1718 3937 per
1746 3858 1894 3919 vada
1920 3857 2175 3920 fluminis
2190 3859 2305 3920 alia
2322 3858 2659 3938 atque'alim
2677 3858 2781 3917 ubi

584 3945 951 4027 profunditas
978 3952 1164 4011 minor
1179 3964 1344 4023 esset,
1369 3973 1521 4012 nunc
1544 3952 1802 4033 pedibus
1827 3975 1982 4017 nunc
2003 3957 2229 4035 junctis
2254 3956 2513 4035 navigiis,
2539 3964 2599 4017 et
2626 3975 2783 4034 saepe

585 4061 693 4123 per
716 4047 984 4108 tenebras
1012 4049 1238 4109 aditum
1267 4058 1670 4112 tentaverunt:
1714 4048 1770 4091 ⁶²
1781 4050 1871 4113 bis
1900 4062 2147 4113 conatus
2175 4061 2369 4113 tamen
2398 4051 2614 4113 frustra
2649 4051 2782 4126 fuit,

572 4204 577 4209 ·
654 4192 718 4238 57
752 4191 927 4256 Forte,
945 4193 1078 4244 alind
1092 4200 1337 4246 essa—68
1363 4195 1537 4261 Forte,
1561 4196 2031 4248 Μυήσιοι-69
2063 4169 2569 4262 Lege,'milium.—6⁰
2600 4196 2687 4253 Sic
2709 4166 2785 4248 in·-

574 4269 688 4339 fra,
717 4274 1342 4327 mustitanum—01
1377 4278 1557 4343 Forte,
1590 4278 1941 4344 Μαίη-62
1975 4279 2150 4344 Forte,
2168 4277 2262 4331 hic.
