3117 5025
626 379 800 448 1766
1248 398 1335 446 ,3.
1383 396 1599 446 censu
1648 396 2228 448 commnuranu.

624 539 932 620 Menapios
963 538 1190 619 pergit:
1226 549 1408 621 atque
1435 540 1546 603 illis
1575 559 1833 623 pugnam
1862 542 2331 606 detrectantibus
2381 542 2656 605 silvarum
2704 543 2836 606 obi·

621 638 792 708 cibus
819 657 887 698 ac
928 637 1234 719 paludum,
1261 639 1455 701 omnia
1496 643 1833 721 populatus,
1884 642 2027 703 nihil
2076 641 2231 704 ferro
2265 640 2634 722 flammisque
2661 643 2837 722 liquit

621 735 945 798 intactum:
986 735 1181 797 donec
1223 738 1439 799 ⁷¹male
1483 740 1699 813 coacti,
1753 741 1905 818 datis
1947 741 2262 802 obsidibus
2307 759 2514 821 pacem
2558 741 2837 820 precibus

621 833 1034 913 impetrarent:
1079 835 1193 895 hoe
1222 846 1562 917 praecepto;
1609 859 1682 898 ne
1725 840 1817 898 vel
1849 837 2248 918 Ambiorigem
2271 830 2370 897 ⁴vel
2419 840 2548 916 ejus
2594 838 2834 900 nuntios

619 930 771 992 intra
799 951 934 991 suos
965 930 1105 992 fines
1127 931 1544 995 admitterent:
1590 934 1848 1015 alioquin
1879 956 2084 1015 pacem
2110 936 2430 1016 praestitam
2448 936 2664 996 nullam
2687 936 2835 996 fore.

621 1029 795 1109 [105]
877 1029 1109 1090 Interea
1126 1030 1356 1091 Treviri
1382 1031 1641 1111 quietem
1666 1033 1876 1111 perosi,
1897 1032 2220 1094 Labienum
2248 1032 2527 1093 invadere
2558 1031 2839 1094 deereve-

622 1136 982 1210 rantmagno
1009 1126 1279 1206 equitum
1300 1147 1372 1188 ac
1399 1128 1666 1207 peditum
1685 1140 1970 1209 apparatu
1995 1149 2011 1187 :
2054 1139 2226 1209 turpe
2245 1130 2354 1191 sibi
2375 1119 2838 1209 pudendumque

622 1233 923 1287 censentes
949 1226 1178 1286 unicam
1207 1225 1495 1303 legionem
1525 1225 1613 1286 eis
1653 1225 1846 1286 invitis
1874 1236 2066 1288 castra
2094 1227 2213 1287 suis
2243 1227 2300 1287 in
2331 1225 2549 1288 finibus
2577 1227 2838 1290 habere:

623 1323 727 1385 sed
757 1323 900 1386 dum
929 1332 1089 1395 eunt,
1141 1323 1249 1384 viae
1298 1322 1495 1383 medio
1541 1322 1692 1383 duas
1741 1323 2001 1403 legiones
2049 1325 2456 1403 supervenisse
2499 1326 2837 1396 sentientes,

621 1422 939 1484 subsistere
968 1431 1027 1482 et
1057 1432 1367 1500 expectare
1396 1423 1830 1483 Germanorum
1870 1421 2085 1483 auxilia
2131 1422 2476 1483 decreverm
2545 1423 2837 1484 Labienus

622 1522 698 1581 de
752 1519 1096 1580 temeritate·
1120 1519 1375 1580 hostium
1430 1539 1665 1599 sperans
1689 1545 1706 1595 ;
1739 1521 2006 1582 *dimisso
2055 1520 2329 1599 praesidio
2385 1520 2678 1594 hibernis:
2721 1521 2837 1582 illis

622 1617 857 1678 obviam
888 1610 1154 1697 procedit
1181 1630 1244 1678 et
1269 1637 1452 1698 prope
1480 1638 1585 1679 eos
1626 1619 1788 1681 mille
1831 1625 2111 1699 passuum
2159 1619 2349 1698 spatio
2391 1618 2684 1691 consedit:
2728 1617 2838 1679 fln-

623 1736 755 1777 men
781 1723 907 1776 erat
935 1715 994 1775 in
1021 1714 1218 1776 medio
1244 1715 1540 1795 rapidum,
1571 1715 1712 1795 ripis
1739 1716 2126 1786 exstantibus,
2174 1715 2334 1796 quod
2371 1736 2485 1778 nec
2513 1715 2626 1776 sibi
2654 1725 2840 1778 tmus-

622 1812 707 1874 ire
734 1812 1125 1893 propositum,
1153 1831 1264 1873 nec
1285 1813 1593 1873 transitum
1622 1813 1689 1872 iri
1712 1814 1792 1874 ab
1823 1813 2096 1874 hostibus
2125 1833 2255 1893 spes
2282 1826 2429 1875 erat.
2511 1814 2838 1877 Crescebat

622 1911 845 1972 interim
873 1911 1063 1972 indies
1110 1910 1308 1971 auxilii
1363 1910 1521 1971 fama
1571 1909 1908 1972 Germanici
1932 1935 1950 1983 ;
1998 1911 2136 1971 hinc
2182 1922 2388 1974 nactus
2437 1912 2834 1994 occasionem,

623 2008 928 2069 consilium
959 2011 1215 2071 advocat
1243 2019 1306 2070 et
1332 2010 1488 2070 clara
1536 2030 1683 2070 voce
1732 2029 1931 2071 coram
1959 2009 2270 2071 omnibus:
2314 2018 2331 2043 ‘
2355 2010 2585 2086 Audio‚'
2625 2011 2835 2091 inquit,

623 2114 642 2141 ⁴
672 2107 935 2186 ingentes
964 2109 1395 2184 Germanorum
1417 2108 1619 2186 copias
1658 2106 2013 2182 adventare:
2058 2128 2176 2169 non
2193 2117 2283 2170 est
2311 2108 2575 2179 animus:
2597 2128 2836 2187 sineque

621 2216 682 2267 et
710 2206 1029 2265 exercitum
1058 2203 1118 2263 in
1144 2203 1460 2263 discrimen
1488 2204 1749 2266 mittere:
1798 2225 1928 2265 cras
1958 2206 2146 2284 prima
2187 2205 2319 2268 luce
2347 2227 2580 2267 movere
2607 2216 2666 2267 et
2694 2206 2835 2267 hinc

621 2302 785 2364 abire
829 2300 1125 2381 disposui:
1184 2310 1373 2361 estote
1418 2301 1597 2381 igitur
1638 2302 1715 2363 ad
1765 2302 2027 2365 officium
2071 2304 2298 2383 parati.’
2345 2306 2562 2372 ,Erant
2588 2304 2750 2364 Galli
2776 2304 2833 2365 in

619 2401 901 2470 exercitu,
934 2401 1034 2479 qui
1064 2418 1422 2480 quamquam
1455 2400 1568 2460 sub
1597 2400 1878 2461 Romanis
1908 2400 2085 2481 signis
2111 2401 2441 2473 militarent,
2472 2401 2723 2462 naturali
2751 2411 2837 2464 ta·

620 2519 756 2561 men
786 2499 991 2579 patria:
1031 2519 1229 2559 amore
1259 2496 1632 2559 tenebantur:
1678 2519 1872 2579 neque
1891 2509 2049 2560 certe
2066 2499 2232 2561 aliter
2257 2497 2382 2560 fieri
2408 2507 2660 2579 poterat,
2690 2499 2834 2580 quin

620 2618 699 2685 ex·
724 2607 841 2658 tam
871 2597 1068 2658 multis
1096 2596 1277 2676 aliqui
1304 2597 1385 2656 sic
1416 2596 1615 2657 affecti
1643 2607 1851 2678 essent,
1898 2608 1967 2659 ut
2006 2598 2186 2678 tnagis
2209 2597 2454 2677 originis
2482 2616 2658 2675 quam
2688 2597 2837 2657 mili·
2883 2596 2890 2603 ’

622 2696 722 2757 tiae
766 2695 1200 2756 meminissent:
1248 2714 1354 2775 per
1383 2695 1491 2754 hos
1520 2694 1714 2755 statim
1762 2695 2033 2756 hostibus
2075 2695 2368 2755 innotuit:
2409 2714 2604 2772 neque
2630 2694 2838 2756 Labie-

621 2814 731 2855 nus
758 2792 924 2855 aliud
969 2802 1307 2854 eventurum
1355 2793 1676 2855 arbitratus
1706 2793 1932 2862 fuerat:
1975 2812 2168 2872 neque
2212 2793 2395 2853 alium
2433 2792 2507 2852 ad
2555 2794 2834 2854 effectum

621 2893 803 2954 verba
830 2893 928 2954 illa
969 2893 1166 2953 ⁷²mibi
1193 2891 1440 2953 consilio
1468 2891 1732 2953 dixerat:
1778 2891 2130 2971 mox·igitur
2154 2890 2309 2951 clam
2335 2880 2540 2951 accitis
2589 2890 2838 2951 tribunis

622 2990 869 3051 militnm
898 3000 959 3051 et
981 2990 1184 3070 primis
1211 2991 1545 3063 exercitusg
1593 2991 1681 3051 sui
1722 2990 1948 3051 consilii
1989 2990 2277 3053 rationem
2307 2987 2532 3066 pandit,
2558 2987 2716 3068 quod
2761 3006 2836 3047 ne

619 3087 890 3149 inefficax
917 3088 1009 3162 sit,
1038 3089 1297 3149 simulari
1344 3107 1624 3167 pavorem
1667 3098 1729 3149 et
1768 3089 1965 3150 omnia
2008 3086 2429 3150 tumultuosius
2457 3084 2582 3147 fieri
2613 3085 2833 3165 jubet:

620 3178 878 3264 paretur,
905 3184 1055 3245 liunt
1081 3184 1307 3263 singula
1323 3195 1457 3253 ante
1482 3195 1735 3271 tempus,
1776 3185 2163 3268 trepidatione
2189 3204 2262 3244 ac
2292 3182 2526 3243 fremitu
2556 3182 2790 3243 insolito
2816 3204 2833 3251 ς

619 3291 682 3343 et
708 3283 835 3361 ipse
864 3283 1060 3361 fragor
1082 3282 1426 3343 abeuntium
1473 3293 1533 3342 et
1584 3285 2017 3364 exploratorum
2046 3282 2208 3344 dicta
2236 3281 2681 3354 conveniebant,
2711 3282 2837 3341 Ro-

620 3397 825 3442 manos
854 3379 1072 3457 fugere,
1094 3399 1209 3439 uon
1230 3380 1417 3441 abire.
1500 3382 1894 3444 Conclamant
1920 3382 2120 3442 hostes
2164 3389 2183 3415 ‘
2204 3382 2418 3441 lentam
2438 3399 2568 3440 esse
2590 3380 2840 3440 Germa·

619 3496 827 3538 norum
858 3477 1326 3557 expectationem
1352 3501 1368 3548 3
1414 3499 1524 3541 nec
1546 3481 1755 3559 priscae
1779 3481 2031 3542 Gallicae
2053 3479 2302 3549 virtutis,
2321 3477 2502 3538 tantis
2533 3476 2834 3537 bominum

618 3584 973 3635 armatorum
1002 3574 1257 3646 milibus,
1279 3595 1503 3655 paucos
1534 3580 1831 3637 Romanos
1849 3576 2137 3654 fugientes
2171 3575 2399 3656 insequi
2425 3595 2544 3634 uon
2564 3575 2838 3636 auderez'.

616 3673 732 3733 hoc
762 3672 930 3742 iuter,
964 3692 1174 3751 magno
1204 3672 1421 3750 impetu
1450 3673 1661 3735 eastris
1692 3687 2025 3753 erumpunt,
2045 3674 2261 3734 flumen
2291 3682 2613 3743 transeunt,
2641 3684 2699 3733 et
2730 3671 2839 3732 iui-

615 3789 741 3849 quo
770 3771 970 3850 copias
997 3782 1306 3851 exponunt
1328 3769 1483 3833 loeo.
1569 3770 1865 3832 Labienus
1894 3783 1953 3832 ut
1990 3773 2337 3851 praeviderat
2371 3790 2489 3831 rem
2518 3769 2838 3831 succedere

616 3868 972 3948 intelligens;
1021 3878 1123 3947 per
1179 3871 1472 3949 inceptam
1529 3869 1975 3941 simulationem,
2034 3869 2193 3929 lento
2234 3878 2424 3929 tamen
2472 3867 2839 3947 procedebat

618 3982 843 4044 gressu,
864 3965 1037 4045 [106]
1066 3967 1260 4028 donec
1277 3969 1644 4047 insequentes
1667 3986 1790 4045 quo
1815 3967 2211 4029 destinaverat
2231 3965 2629 4044 produxisset.
2673 3966 2835 4025 Tum

618 4081 953 4134 conversus,
999 4073 1014 4097 ⁶
1047 4065 1287 4139 oblata,'
1327 4065 1538 4145 inquit,
1586 4074 1601 4098 ⁶
1627 4085 1664 4124 o
1695 4066 1908 4125 milites
1937 4066 2219 4126 facultate
2266 4084 2477 4143 pugnae
2506 4062 2839 4142 prosperio-

618 4160 697 4220 ris
729 4161 956 4221 utimini
981 4181 997 4222 :
1043 4162 1275 4241 habetis
1307 4164 1555 4237 hostem,
1588 4174 1650 4224 et
1673 4165 1975 4245 iniquitate
2001 4165 2134 4233 loci,
2164 4173 2225 4223 et
2253 4183 2360 4223 suo
2388 4181 2579 4223 errore
2608 4179 2842 4241 suaque

1296 4313 1358 4361 71
1405 4311 1564 4377 Lege,
1581 4313 1854 4365 natm—72
1902 4309 2153 4376 Lege,tn.
