3117 5025
582 426 768 497 m*
1229 442 1234 447 “
1265 440 1611 495 atomis
1663 444 2090 497 tirenum

585 608 717 651 sum
736 588 892 651 illius
918 589 1054 650 vitm
1079 610 1311 651 cursum
1333 599 1792 669 persequuntur.
1855 593 1937 651 At
1954 590 2166 669 pagina
2188 588 2562 668 118.'legitiu²
2578 587 2785 668 *hujus-

584 687 814 747 cemodi
839 688 1162 749 scholium:
1194 696 1211 722 ‘
1233 688 1353 748 Hic
1368 688 1573 767 incipit
1589 693 1832 748 octavus
1851 687 2401 749 commentariorum
2420 687 2591 758 liber,
2613 705 2784 767 quem

587 782 936 846 fecitJulius
956 785 1183 845 Celsus.
1243 786 1481 865 Septem
1500 796 1701 847 autem
1727 786 1950 864 primos
1978 795 2040 847 et
2068 806 2255 866 usque
2274 787 2351 846 ad
2380 786 2538 845 bunc
2552 803 2787 865 pussu-

586 880 730 943 feeit
771 882 896 960 ipse
924 884 1141 955 Caesar,
1172 884 1438 962 quamvis
1467 883 1565 943 hic
1591 891 1804 943 auctor
1828 883 2056 961 aliquot
2084 884 2141 943 in
2171 883 2318 943 locis
2354 882 2707 943 contradicit
2732 886 2792 942 et

589 979 740 1041 male
765 979 1048 1041 Cicerone
1072 988 1222 1041 teste
1264 989 1324 1041 et
1351 980 1689 1059 ipso-Celso
1731 979 1788 1039 in
1817 981 2065 1060 prologo
2104 985 2255 1042 suo.’
2334 981 2626 1041 Nimirum
2655 984 2793 1058 post

586 1076 742 1136 istud
773 1077 1042 1138 scholion
1084 1077 1411 1139 referuntur
1451 1096 1542 1149 ea,
1577 1077 1657 1137 de
1680 1076 1900 1157 quibus
1938 1078 2132 1158 agitur
2171 1078 2234 1137 in
2272 1077 2425 1137 libro
2465 1087 2680 1137 octavo
2718 1075 2792 1135 de

593 1174 751 1235 bello
779 1177 1032 1249 Gallico,
1064 1176 1232 1255 cujus
1273 1176 1407 1236 libri
1432 1176 1631 1236 octavi
1652 1185 1955 1236 auctorem
1981 1195 2110 1236 esse
2136 1176 2376 1239 Celsum
2401 1174 2555 1235 falso
2583 1172 2795 1235 scholii

588 1282 796 1333 auctor
848 1273 1120 1335 affirmat.
1246 1274 1357 1335 Sed
1416 1294 1610 1353 neque
1665 1274 1874 1333 borum
1925 1273 2490 1334 Commentariorum
2547 1270 2628 1331 de
2680 1271 2798 1330 vita

588 1369 839 1431 Caesaris
868 1381 1077 1432 auctor
1097 1380 1184 1432 est
1206 1371 1431 1444 Celsus,
1459 1391 1591 1431 nam
1620 1371 1746 1450 ipse
1775 1366 2268 1431 commemoratur
2293 1371 2351 1429 in
2371 1369 2577 1430 iisdem
2600 1388 2665 1448 p.
2692 1368 2794 1430 68.

592 1474 614 1502 ⁸
635 1468 951 1528 Suetonius
979 1478 1182 1530 auctor
1208 1470 1562 1531 certissimus
1586 1471 2020 1531 Germanorum
2048 1471 2161 1529 boe
2190 1469 2248 1527 in
2278 1467 2492 1528 finibus
2513 1464 2798 1527 accidisse

592 1564 703 1635 ait;
746 1566 937 1627 Julius
965 1577 1159 1629 autem
1181 1568 1387 1630 Celsus
1411 1588 1633 1641 comes,
1661 1577 1722 1628 et
1745 1568 1848 1646 qui
1869 1568 2043 1628 rebus
2074 1565 2354 1638 interfuit,
2376 1564 2723 1625 Eburonum
2744 1562 2802 1623 in

594 1660 811 1724 finibus
835 1664 1063 1726 sactum
1090 1666 1307 1727 refert!
1385 1667 1521 1726 Nou
1546 1674 1658 1737 est,
1688 1665 1851 1745 quod
1878 1664 2036 1725 aliud
2058 1663 2137 1724 de
2163 1661 2343 1723 rebus
2380 1660 2631 1723 Caesaris
2654 1679 2804 1739 opus

595 1760 703 1821 sab
730 1760 870 1821 Julii
914 1762 1070 1823 Celsi
1112 1762 1348 1823 nomine
1387 1763 1464 1823 ab
1509 1762 1627 1822 hoc
1675 1762 1958 1840 scriptore
1984 1761 2203 1822 lectum
2240 1779 2372 1820 esse
2413 1759 2800 1838 suspicemur,

597 1857 760 1938 quod
813 1860 990 1920 bodie
1035 1880 1153 1921 nou
1194 1870 1391 1928 extetz
1455 1860 1558 1921 sed
1612 1861 1807 1939 potius
1854 1858 2036 1920 libros
2082 1860 2240 1939 ipsos
2288 1871 2511 1939 septem
2558 1857 2804 1920 Curis

598 1954 781 2017 'Julio
809 1958 982 2018 Celso
1026 1958 1289 2039 imperite
1328 1959 1536 2020 tribuit
1577 1968 1790 2020 auctor
1828 1957 2090 2040 quisquis
2134 1957 2267 2028 fuit,
2293 1956 2577 2037 quoniam
2620 1956 2809 2018 Julius

597 2052 807 2114 Celsus
848 2055 1091 2134 quidam
1133 2058 1810 2138 Constantinopolitanus
1862 2067 2174 2118 sexcentos
2227 2054 2465 2116 circiter
2498 2061 2643 2132 post
2665 2053 2807 2115 Chr.

597 2155 796 2208 natum
824 2169 1031 2223 annos,
1061 2154 1311 2214 Caesaris
1338 2155 1565 2235 scripta
1589 2163 1981 2227 recensuerat,
2009 2169 2340 2231 nomenque
2372 2169 2541 2212 sirum
2577 2150 2714 2222 illis,
2744 2159 2812 2210 ut

597 2243 878 2307 Terentio
947 2248 1288 2329 Calliopius,
1353 2252 1820 2331 subsignaverat,
1889 2251 2053 2330 quod
2118 2251 2438 2312 etiamnum
2506 2248 2569 2307 in
2638 2246 2811 2308 variis

599 2341 846 2405 Cesaris
882 2347 1192 2409 codicibus
1220 2350 1400 2410 MSS.
1426 2349 1905 2429 deprehenditur,
1934 2358 2004 2410 nt
2029 2356 2244 2428 preter
2289 2347 2432 2407 alios
2472 2345 2808 2406 Godwinus

600 2438 773 2516 praef.
828 2442 890 2502 iu
947 2446 1238 2507 Caesarem
1292 2449 1621 2523 annotavit,
1677 2458 1929 2509 testatus
1983 2447 2045 2507 in
2089 2444 2299 2506 codiee
2355 2442 2620 2524 quodam
2673 2443 2811 2504 MS.

601 2537 857 2601 Tbuano
901 2543 960 2602 in
991 2545 1244 2624 margine
1269 2546 1404 2607 libri
1431 2553 1512 2608 11.
1556 2547 1634 2607 de
1662 2548 1819 2608 bello
1852 2545 2090 2608 Gallico
2126 2545 2243 2606 sub
2280 2541 2645 2623 principium
2684 2542 2814 2602 brec

603 2637 784 2698 verba
809 2649 1043 2706 extare:
1096 2644 1324 2705 ‘Julius
1343 2645 1553 2706 Celsus
1580 2645 2001 2706 Constantinus
2029 2642 2104 2703 V.
2130 2642 2201 2703 C.
2234 2640 2385 2720 legi?
2453 2639 2525 2698 ln
2553 2638 2816 2717 Μινῴα

601 2741 742 2794 vero
769 2735 902 2797 libri
922 2755 1036 2800 111.
1080 2745 1104 2775 ‘
1123 2741 1358 2803 Flavius
1385 2741 1649 2803 Licerius
1674 2742 1960 2802 Firminus
1988 2731 2308 2819 Lupicinus
2335 2734 2496 2815 legi!
2546 2739 2633 2796 At
2657 2754 2818 2797 com·

605 2834 1016 2896 mental-iorum
1056 2847 1286 2912 auctor,
1328 2858 1367 2897 a
1411 2839 1608 2913 Celso,
1656 2847 1724 2899 ut
1769 2838 2043 2908 vidimus,
2084 2835 2353 2896 diversus
2396 2833 2570 2912 louge
2610 2841 2701 2893 est
2744 2851 2817 2893 nc

600 2931 912 3004 recentior,
935 2943 1001 2994 ut
1028 2934 1407 2997 observatum
1431 2936 1570 2997 viris
1597 2936 1975 3007 doctissimis,
2005 2934 2245 2997 Graevio
2272 2930 2330 2991 in
2354 2929 2720 3010 pnsum»
2757 2937 2822 2990 et

608 3025 689 3086 H.
720 3025 1052 3106 Dodwello,
1081 3032 1183 3111 qni
1214 3033 1424 3094 ltalum
1455 3034 1644 3113 petria
1686 3034 2046 3113 suspicatur,
2088 3033 2150 3092 in
2179 3029 2324 3091 diss.
2350 3027 2430 3088 de
2455 3028 2490 3089 J
2496 3027 2617 3087 ulio
2642 3027 2818 3089 Celso

607 3119 688 3180 ad
714 3123 1038 3198 Graevium,
1087 3145 1224 3206 quoe
1264 3130 1596 3190 Annalibus
1622 3132 1754 3209 ejus
1800 3128 2212 3201 Quintilianeis
2252 3134 2314 3188 et
2358 3124 2638 3186 Statianis
2677 3125 2818 3185 sub·

593 3217 806 3296 jicitur
826 3221 1027 3282 Oxou.
1084 3224 1257 3296 1698.
1303 3235 1361 3289 8.
1392 3229 1653 3288 sectione
1697 3244 1801 3288 ιιι.
1883 3227 1998 3289 Sed
2042 3224 2268 3288 Graevii
2308 3224 2488 3284 verbs
2525 3222 2823 3283 ascribere

595 3313 804 3392 juvat:
891 3326 908 3352 ‘
934 3319 1071 3380 Fuit
1122 3323 1466 3403 Anonymns
1513 3326 1614 3385 hic
1666 3325 2083 3386 Christianus.²
2137 3322 2365 3384 Laudat
2418 3318 2821 3381 testimonium

609 3412 793 3473 sancti
812 3416 1126 3495 Augustini
1147 3418 1225 3480 de
1244 3431 1429 3482 morte
1458 3424 1785 3486 voluntaria
1806 3423 2079 3494 Catonis,
2100 3430 2164 3482 et
2182 3439 2301 3480 nun
2324 3431 2459 3480 raro
2485 3417 2740 3478 damnat
2763 3424 2825 3476 et
2876 3463 2885 3482 .

608 3507 814 3572 irridet
867 3514 1190 3592 gentilium,
1257 3520 1657 3581 Romanorum
1704 3521 2036 3601 praeeipue‚
2090 3518 2154 3578 in
2215 3514 2486 3596 auspiciis
2534 3523 2596 3574 et
2636 3514 2826 3575 naeth

678 3712 785 3765 lIn
799 3711 1099 3769 numum
1115 3717 1308 3771 finibus
1323 3722 1438 3774 hec
1456 3724 1677 3775 aeduis-
1754 3724 1936 3775 Deos·
1969 3727 2028 3774 et
2047 3735 2178 3787 quos
2211 3721 2357 3772 Deos
2386 3731 2560 3787 queso
2578 3717 2605 3766 ?
2639 3717 2827 3771 Jove-

609 3791 861 3844 seinnuit
885 3794 1063 3846 Caesar
1087 3811 1136 3848 v.
1158 3802 1244 3849 29.
1756 3798 1972 3849 forsitan
2016 3804 2109 3849 aut
2157 3798 2481 3862 Neptunum,
2536 3795 2629 3860 qut
2680 3801 2859 3846 cem

674 3873 709 3919 2
763 3869 1114 3924 Christianum
1158 3876 1464 3940 scriptorem
1501 3876 1683 3942 prodit
1759 3876 1947 3942 pedem
1959 3874 2183 3928 cesaris
2202 3871 2853 3934 movsen-usumin

613 3944 791 4010 etlam,
806 3947 942 4011 quod
964 3963 1082 4013 pag.
1103 3953 1214 4000 179.
1227 3950 1682 4017 edit-Gravinum,
1760 3953 1953 4015 vitiosi,
1994 3957 2085 4002 snt
2127 3956 2189 4001 nt
2230 3950 2483 4014 scriptum
2526 3956 2611 3997 est
2664 3944 2831 4014 (Pul.

613 4019 681 4071 de
724 4022 958 4074 Cir-sare:
1025 4025 1309 4077 ‘Postero
1363 4034 1537 4077 antam
1593 4027 1680 4080 die
1762 4028 2014 4095 xcv1.⁶.)
2052 4042 2230 4079 omnes
2262 4027 2355 4079 Dii
2388 4025 2620 4089 gentium
2643 4024 2832 4075 durno-

615 4095 869 4149 sncrificio
894 4100 1010 4150 Diis
1050 4099 1210 4165 facto,
1250 4102 1434 4167 dignus
1469 4104 1569 4167 vir,
1590 4105 1679 4170 qui
1760 4108 1882 4160 nia?
1918 4106 2241 4170 Notspode-
2258 4103 2463 4155 cmi·
2482 4117 2576 4153 non
2598 4100 2837 4164 aes-e,

613 4171 706 4225 uni
723 4180 781 4224 et
797 4189 924 4227 vern
945 4176 1388 4231 Deosacrfficium
1403 4180 1681 4232 faceretet
1759 4183 1859 4240 hoc
1881 4193 1965 4233 est
1984 4181 2211 4247 pretinm
2228 4191 2640 4242 murumque.
2678 4180 2696 4206 ⁸
2718 4175 2837 4227 Mo-

615 4262 711 4314 pro
753 4264 817 4301 eo
859 4254 1154 4317 pugnaret?
1196 4256 1681 4312 Etclariusetiam
1754 4249 2836 4326 uumquemque-nomnen&

617 4339 677 4393 p.
697 4329 832 4380 2⁰⁰:
870 4327 888 4357 ‘
925 4328 1266 4386 Simulacrum
1285 4327 1684 4403 Caesaris'juxta
1757 4348 1945 4394 vorm
1959 4333 2079 4389 σοι’
2116 4332 2318 4394 Hom·
