3117 5025
603 400 786 489 2012
1340 420 1648 477 Josm’m
1698 420 1963 471 scAmc
1975 418 2104 471 mu

604 565 1087 652 Antwerpiam.
1201 560 1360 631 Hoc
1437 586 1665 632 verum
1736 563 1957 644 fuerit,
2032 564 2365 650 siquidem
2438 564 2817 652 Antwerpia

604 670 839 736 eadem
869 691 1021 736 cum
1048 668 1459 752 Tungrorum
1488 670 1650 733 urbe
1679 688 1825 732 esse
1851 673 2093 753 potest.
2158 666 2297 734 Sed
2324 688 2530 753 nugas
2556 669 2816 735 Bekke-

601 772 928 840 selenicas
980 774 1223 838 missas
1287 770 1594 836 facimus,
1710 767 2117 854 Antwerpiae
2167 772 2590 836 vetustiorem.
2638 791 2815 836 men-

603 877 843 941 tionem
903 895 1033 941 non
1081 875 1363 958 reperio,
1413 893 1619 957 quam
1662 873 1731 936 in
1774 870 2146 937 Annalibus
2188 875 2472 939 vetustis
2519 873 2815 939 Franciae

603 978 799 1043 editis
872 998 916 1043 a
971 976 1240 1043 Pithoeo
1296 982 1549 1053 nostro,
1618 975 1690 1043 in
1746 977 1988 1061 quibus
2060 977 2188 1043 sub
2262 996 2500 1043 annum
2571 976 2821 1045 Christi

609 1081 1394 1166 ncccxxxv.legimus:
1442 1084 1462 1113 ‘
1491 1079 1861 1145 Nox-manni
1879 1077 2339 1165 Antwerpiam
2364 1082 2704 1146 civitatem
2729 1080 2825 1146 in-

606 1183 941 1251 cendunt.'

692 1285 1106 1376 Agendicum.
1227 1283 1330 1351 La
1377 1285 1525 1351 ville
1585 1283 1659 1350 de
1710 1283 1886 1367 Sena,
1938 1293 2343 1354 non-autem
2402 1284 2706 1369 Provim,
2748 1294 2825 1357 ut

601 1391 811 1456 stulti.

690 1491 1064 1559 Avaricum.
1180 1493 1381 1559 Stulti
1432 1500 1665 1579 putant
1717 1514 1867 1560 esse
1902 1494 2320 1578 -oppidulum
2383 1494 2822 1561 Bituricensis

603 1597 982 1665 dioeceseos
1024 1597 1288 1662 nomine
1327 1592 1617 1662 Vierzon.
1721 1598 1854 1663 Sed
1882 1594 2029 1663 haec
2066 1597 2216 1681 jam
2260 1597 2603 1663 confutata
2646 1604 2825 1664 sunt.

604 1700 697 1766 Et
735 1721 931 1767 nemo
973 1705 1078 1766 est
1121 1700 1336 1779 bodie,
1380 1702 1585 1786 paulo
1613 1702 1984 1779 humanior,
2016 1701 2134 1785 qui
2179 1702 2429 1783 ignoret
2456 1698 2831 1769 Avaricum

604 1802 899 1871 Caesaris
941 1823 1089 1868 esse
1137 1805 1361 1868 urbem
1405 1802 1839 1889 Metropolim
1889 1805 2288 1888 Biturigum,
2335 1824 2491 1889 quae
2540 1803 2825 1894 Bourges

601 1905 869 1974 dicitur.

691 2007 911 2075 Ausci.
944 2005 1148 2074 Auca.
1193 2011 1269 2073 ut
1319 2024 1521 2094 supra
1566 1994 1885 2077 diximus.
1974 2009 2157 2075 'Nam
2200 2012 2500 2097 imperite
2540 2010 2824 2091 faciunt,

604 2113 718 2197 qui
746 2109 1130 2177 Auxitanos
1158 2118 1425 2177 vocant.

694 2211 1062 2280 Bellocassi.
1147 2213 1355 2298 Apud
1402 2213 1739 2283 Caesarem
1780 2217 1955 2283 male
1980 2238 2104 2304 pro
2150 2216 2552 2298 Baiocassii,
2593 2216 2715 2302 qui
2759 2222 2825 2283 et

600 2314 1032 2385 Baiocasses,
1110 2315 1399 2404 Bayeux.
2734 2342 2743 2351 ·

688 2418 1088 2508 Bigerrones.
1135 2421 1218 2486 In
1252 2421 1514 2488 Notitia
1546 2422 2071 2505 Provinciarum,
2103 2422 2363 2490 Civitas
2388 2424 2825 2509 Bigerronm

602 2531 879 2593 vocatur
931 2527 1182 2606 Tarba,
1213 2531 1288 2592 ut
1325 2523 1539 2592 hodie.
1629 2527 1766 2592 Sed
1792 2528 1969 2594 male
2002 2549 2325 2594 excusum
2371 2534 2475 2595 est
2504 2525 2734 2610 Tarsa,
2758 2537 2831 2596 et

607 2622 841 2698 Turba.
932 2629 1304 2696 Marlianus
1331 2630 1596 2710 insanit,
1630 2630 1748 2714 qui
1777 2631 1875 2696 ait
1899 2631 1994 2695 ibi
2034 2630 2202 2695 hanc
2230 2630 2518 2696 Tur-sam
2556 2650 2733 2711 osse,
2762 2639 2831 2697 et

601 2730 908 2799 Castrum
939 2734 1328 2819 Begorram,
1360 2732 1477 2797 ubi
1503 2737 1607 2797 est
1635 2732 2092 2819 Episcopatus
2122 2734 2510 2826 Bitgerensis
2545 2734 2831 2802 Provin-

602 2836 726 2904 ciae
758 2837 1261 2904 Narbonensis:
1294 2855 1450 2922 quae
1482 2837 1805 2902 sententia
1825 2855 1960 2902 non
1986 2842 2091 2902 est
2115 2838 2325 2903 sobrii
2356 2837 2621 2924 capitis.
2744 2897 2747 2902 .

689 2937 1014 3029 Bituriges
1043 2941 1350 3026 duplices
1388 2945 1566 3018 sunt,
1599 2943 2045 3024 cognomentis
2084 2940 2397 3006 distincti.
2483 2939 2824 3025 Bituriges

600 3041 801 3124 Cubi,
830 3063 1110 3129 quorum
1145 3043 1542 3134 Metropolis
1572 3041 1934 3109 Avaricum
1961 3047 2196 3129 primae
2230 3040 2643 3129 Aquitaniae.
2706 3044 2825 3110 Bi·

599 3147 842 3230 turiges
878 3144 1168 3225 Vibisci‚
1199 3153 1316 3212 aut
1340 3146 1632 3228 Vivisci,
1664 3167 1948 3232 quorum
1989 3147 2383 3232 Metropolis
2425 3147 2827 3232 Burdegala,

599 3248 891 3334 secunda
917 3247 1296 3334 Aquitania.
1386 3249 1690 3336 Utraque
1721 3250 1983 3317 Civitas
2011 3252 2217 3317 libera
2244 3253 2372 3317 sub
2403 3249 2759 3322 Romanis.

691 3348 1236 3439 Bratuspantium.
1343 3352 1602 3419 Civitas
1652 3354 2199 3434 Bellovacorum,
2255 3356 2381 3420 sub
2434 3353 2827 3430 Caesaribus

602 3455 930 3526 Romanis
958 3457 1488 3522 transnominata
1516 3456 2049 3541 Caesaromagus.
2124 3455 2471 3531 Beauvais,
2502 3507 2511 3516 .

690 3555 1109 3625 Cabillonum.
1180 3559 1360 3624 Vide
1388 3561 1457 3625 iu
1483 3559 1833 3626 Tribunali
1865 3560 2279 3628 Divionensi.

690 3659 995 3729 Cadaaci.
1070 3661 1245 3748 Lege
1274 3660 1544 3730 Atuaci.
1619 3664 1800 3730 Vide
1826 3685 2036 3749 supra
2060 3663 2386 3732 Atuatici.

589 3759 612 3774 ’“
689 3761 987 3832 Cadurci.
1050 3765 1303 3832 Eorum
1333 3767 1574 3832 civitas
1607 3766 1897 3833 Divona.
1977 3766 2173 3832 Caors
2200 3788 2275 3832 en
2312 3765 2568 3838 Querci.

688 3866 954 3935 Caletes.
1032 3865 1127 3932 Le
1156 3866 1461 3955 bailliage
1488 3867 1565 3934 de
1599 3868 1769 3934 (laus
1794 3890 1868 3935 en
1897 3867 2306 3956 Nor-mandic,

607 4051 616 4056 .
691 3968 1027 4038 Cantabri.
1105 3969 1201 4035 Le
1222 3993 1383 4059 pays
1411 3970 1512 4035 des
1547 3968 1845 4060 Basques.

691 4069 1043 4160 Caturiges.
1087 4075 1260 4142 Sunt
1285 4074 1498 4162 Alpes
1523 4078 1895 4144 maritimae.
1943 4074 2342 4167 Metropolis
2369 4077 2825 4156 Ebrudunum.

603 4171 727 4269 ‚Les
757 4173 953 4262 Alpes
981 4176 1364 4245 d’Ambrun.

694 4273 1050 4352 Ceutrones.
1093 4277 1218 4352 Le:
1249 4279 1440 4376 Alpes
1463 4283 1543 4352 de
1578 4281 1967 4354 Tarencaise.
2013 4283 2242 4357 Graiae
2272 4283 2549 4360 Peninoe
2580 4287 2825 4388 Alpen-
