3117 5025
1119 453 1187 501 o.
1232 452 1436 500 mnu
1485 452 1843 502 cassius.
2403 432 2581 505 m
2672 452 2683 459 “

363 652 372 659 .
445 605 702 684 epistola
743 604 989 684 pmfixa
1031 615 1138 678 est,
1181 615 1244 667 et
1284 607 1668 679 Flaminiana,
1715 617 2113 685 praetereaque
2155 607 2339 667 babet
2384 608 2578 667 Hoto-

448 702 644 762 manni
669 704 1171 763 commentarium.
1217 705 1424 765 Editor
1450 706 1613 765 latet.

361 806 528 860 -1585
573 800 843 860 Londini.
894 801 987 859 16.
1053 803 1125 861 C.
1155 803 1296 863 Jnlii
1323 803 1571 862 Caesaris
1600 802 2041 874 Commentarii,
2089 804 2256 861 novis
2299 802 2577 863 emenda·-

445 897 728 969 tionibns,
754 904 874 958 &a
960 899 1228 972 Londini,
1274 900 1434 980 apud
1466 901 1789 959 Arnoldum
1827 899 2082 959 Hatfield
2139 909 2199 959 et
2242 901 2376 961 Nic.
2409 902 2579 961 New·

447 998 1267 1076 tonum—Bruggemmmp.
1301 1005 1439 1057 515.

369 1091 532 1153 1586
575 1093 866 1172 Lugduni.
901 1103 958 1153 8.
988 1097 1060 1155 C.
1090 1095 1230 1156 Julii
1259 1096 1506 1156 Caesaris
1535 1114 1724 1155 rerum
1753 1094 1833 1154 ab
1862 1114 1924 1154 se
1944 1102 2237 1171 gestarum
2266 1097 2582 1156 Commen-

447 1189 601 1260 tarii,
653 1211 787 1250 cum
834 1192 1289 1251 accessionibus.
1375 1192 1670 1271 Lugduni,
1726 1190 1887 1270 apud
1937 1193 2077 1250 Ant.
2134 1191 2581 1271 Gryphium.—

449 1287 610 1347 Bibl.
643 1289 938 1347 Emtinck.
973 1291 1039 1349 P.
1074 1305 1185 1348 111.
1217 1309 1281 1367 p.
1312 1296 1450 1348 311.
1482 1309 1540 1347 n.
1574 1286 1716 1347 613.

361 1416 452 1430 -—
494 1386 867 1463 Antwerpioe.
914 1394 970 1445 8.
1034 1388 1106 1446 C.
1136 1386 1273 1445 Julii
1304 1385 1549 1449 Cesaris
1595 1384 2013 1445 Commentarii
2051 1383 2129 1444 de
2155 1385 2312 1445 bello
2340 1386 2583 1447 Gallico

449 1491 515 1541 et
540 1482 734 1542 Civili.
779 1482 1061 1559 Ejusdem
1093 1483 1400 1555 librorum,
1430 1484 1530 1563 qui
1559 1482 1991 1555 desiderantur,
2019 1481 2363 1561 fragmenta.
2434 1485 2583 1543 Om-

447 1579 546 1638 nia
563 1578 800 1657 jndicio
829 1580 936 1639 viri
967 1581 1133 1640 docti
1158 1581 1470 1641 emendata
1497 1591 1555 1640 et
1582 1580 1760 1640 edita.
1822 1579 2196 1660 Antwerpiae,
2224 1578 2385 1659 apud
2415 1580 2585 1641 Plan-

450 1676 798 1736 tin.-Bibl.
833 1677 1127 1737 Emtinck.
1158 1677 1305 1739 ibid.
1337 1697 1396 1735 n.
1427 1675 1569 1737 614.

369 1778 527 1832 1588
569 1773 846 1833 Venetiis.
893 1782 950 1834 8.
997 1775 1066 1832 C.
1096 1775 1235 1833 Julii
1266 1774 1514 1834 Caesaris
1546 1773 1987 1844 Commentarii‚
2017 1774 2094 1834 ab
2125 1773 2284 1833 Aldo
2313 1773 2581 1835 Munatio

449 1869 748 1929 emendati
778 1879 840 1930 et
865 1871 1102 1930 scholiis
1136 1871 1430 1932 illustrati.
1473 1872 1754 1942 venetiis,
1782 1870 1940 1949 apud
1972 1870 2222 1930 Aldum.

373 1972 534 2035 1589
577 1967 945 2027 Francosurti
972 1968 1048 2028 ad
1078 1969 1168 2027 Μ.
1225 1968 1334 2027 fol.
1383 1968 1683 2046 Repetitio
1710 1968 1806 2028 ed.
1844 1976 2019 2036 1575.
2372 1972 2389 2005 ¹
2442 1988 2447 1995 ·

361 2099 453 2123 .--
495 2065 760 2126 Coloniae
791 2066 1044 2146 Agripp.
1078 2075 1134 2127 8.
1182 2069 1253 2127 C.
1283 2065 1425 2127 Julii
1453 2067 1704 2127 Caesaris
1733 2065 2298 2128 Commentariorum
2319 2065 2396 2126 de
2426 2066 2585 2126 bello

447 2161 693 2222 Gallico
742 2163 872 2222 libri
913 2179 1076 2223 v111.
1139 2163 1295 2222 civili
1335 2163 1698 2241 Pompeiano
1744 2163 1877 2222 libri
1932 2180 2043 2224 111.
2107 2163 2505 2224 Alexandrino
2534 2180 2583 2223 1.

449 2258 666 2319 Africo
697 2279 742 2319 1.
788 2261 1155 2340 Hispaniensi
1187 2278 1235 2321 1.
1305 2261 1542 2321 Pictura
1570 2262 1749 2321 totius
1778 2260 2013 2332 Galliae,
2039 2261 2357 2340 Hispania,
2390 2261 2586 2340 pontis

449 2356 512 2415 in
559 2356 793 2428 Rheno,
843 2362 964 2416 Sec.
1029 2376 1137 2435 per
1187 2357 1532 2418 Jucundum
1582 2360 1997 2429 veronensem,
2066 2378 2139 2417 ex
2192 2356 2586 2436 descriptione

452 2436 760 2515 Caeaaris.¹
812 2456 1091 2515 Veterum
1119 2455 1334 2516 Galliae
1363 2456 1651 2528 locorum,
1700 2457 2079 2535 populorum,
2130 2456 2381 2526 urbium,
2430 2474 2589 2516 mon-

449 2550 625 2622 tium,
667 2570 738 2612 ac
785 2551 1097 2611 fluviorum
1129 2552 1321 2612 brevis
1350 2553 1691 2632 descriptio.
1776 2555 1928 2613 Cum
1960 2552 2166 2613 lndice
2206 2550 2590 2632 locupletissi-

454 2667 578 2709 mo.
647 2649 916 2711 Coloniae
945 2650 1313 2731 Agrippinae,
1358 2652 1517 2729 apud
1547 2653 1706 2711 Petr.
1740 2650 2178 2710 Horst.-Bibl.
2210 2649 2399 2710 Acad.
2449 2647 2589 2707 Hei-

365 2851 539 2916 1590
579 2846 857 2907 Venetiis.
905 2858 962 2910 8.
1005 2848 1165 2928 apud
1199 2847 1443 2908 Aldum.

367 2975 455 2988 —-
495 2942 772 3003 Londini.
824 2943 917 3004 16.
947 2965 1049 3025 ap.
1080 2947 1225 3005 Aru.
1260 2943 1546 3004 Hatfield.
1577 2942 1878 3022 Repetitio
1903 2943 2000 3003 ed.
2037 2948 2213 3002 1585.

379 3046 531 3110 1591
580 3041 844 3101 Basileae.
918 3053 974 3102 8.
1031 3064 1169 3103 cum
1227 3042 1467 3120 picturis
1525 3062 1725 3120 geogr.
1782 3039 2282 3119 descriptionibus
2322 3036 2588 3096 locorum

455 3136 839 3211 diversorum,
897 3141 1076 3213 notia,
1128 3141 1295 3200 variis
1339 3140 1710 3210 lectionibus,
1762 3136 2244 3198 annotationibus
2293 3133 2587 3205 Marliani,

461 3234 675 3307 Ursini,
725 3237 1019 3309 Glareani,
1068 3238 1429 3299 Hotomanni
1473 3246 1534 3298 et
1576 3237 1843 3297 aliorum.
1919 3234 2178 3304 Basileae,
2236 3253 2307 3292 ex
2355 3230 2592 3292 officina

461 3333 802 3397 Osteniana.

375 3435 539 3498 1593
583 3430 853 3509 Lugduni
885 3435 1017 3492 Bat.
1064 3442 1122 3493 8.
1167 3433 1468 3513 Repetitio
1496 3432 1593 3491 ed.
1632 3430 1805 3493 1586.

372 3561 461 3578 --
501 3528 776 3606 Lugduni
808 3532 939 3590 Bat.
985 3540 1044 3591 8.
1107 3531 1178 3591 C.
1210 3531 1353 3592 Julii
1383 3531 1634 3592 Caesaris
1662 3529 1857 3588 omnia
1887 3547 2022 3606 quse
2049 3535 2283 3588 extant:
2319 3526 2446 3603 jam
2476 3525 2594 3603 pri-

461 3626 600 3687 dem
630 3648 809 3707 opera
836 3639 896 3689 et
926 3630 1159 3706 judicio
1189 3632 1294 3689 viri
1322 3630 1485 3690 docti
1514 3631 1572 3704 (J
1580 3630 1717 3689 ustii
1746 3628 1952 3707 Lipsii)
1978 3626 2288 3687 emendata
2321 3635 2379 3684 et
2407 3624 2589 3685 edita.

462 3729 781 3785 Accessere
810 3727 1036 3806 imperii
1083 3728 1351 3800 Romani,
1396 3728 1846 3804 Galliarumque
1887 3732 1948 3784 et
1996 3723 2407 3801 Hispaniarum
2432 3730 2594 3781 vete·-

457 3841 588 3882 rum
621 3823 859 3896 tabulae,
908 3845 941 3884 e
970 3825 1278 3884 conatibus
1323 3824 1733 3904 geographicis
1765 3822 1913 3882 Abr.
1945 3818 2179 3880 Ortelii.
2270 3817 2596 3877 Summaria

457 3919 704 3999 insuper
729 3921 966 4000 singulis
995 3920 1158 3981 libris
1185 3922 1447 4000 praefixa,
1495 3930 1556 3981 et
1585 3920 1662 3979 ad
1692 3917 2007 3995 marginem
2037 3924 2195 3974 uotae
2224 3934 2412 3974 rerum
2440 3913 2594 3973 indi·
2650 3991 2663 3998 ·

464 4035 590 4075 ces.
648 4015 918 4092 higdeni
948 4020 1080 4080 Bat.
1112 4021 1186 4076 esi
1215 4017 1371 4077 offic.
1407 4017 1655 4078 Plautin.
1705 4013 1866 4095 apud
1899 4016 1994 4074 Fr.
2026 4011 2596 4091 Rapbelengium.--

466 4112 668 4174 Editio
697 4126 981 4192 praestans
1009 4125 1071 4175 et
1099 4115 1301 4175 nitida.

383 4216 543 4281 1595
588 4210 1023 4292 Heidelbergae.
1069 4221 1167 4275 24.
1195 4213 1360 4293 apud
1391 4213 1635 4278 Hieron.
1666 4209 2015 4272 Commelin.

375 4340 466 4354 —
506 4309 882 4389 Antwerpiae.
929 4320 987 4373 8.
1015 4309 1177 4390 apud
1208 4310 1524 4372 Martinam
1552 4308 1825 4369 Nutinm.
