3117 5025
1087 463 1153 512 c.
1193 462 1406 513 sumt
1452 461 1811 513 cassare.
1844 464 1853 473 ’
2362 442 2541 517 m

397 611 581 674 litter.
609 612 686 673 T.
721 626 770 673 1.
811 633 876 693 p.
906 623 1049 677 448.
1077 634 1215 695 sqq.
1301 617 1587 696 Separato
1617 616 1912 677 volumine
1938 614 2313 678 continentur
2341 621 2543 679 Anno·

401 710 656 772 tationes
703 713 1005 784 Glareani,
1055 733 1193 792 quae
1238 713 1443 772 eodem
1475 730 1632 773 anno
1678 712 1953 793 prodiere
1999 714 2110 774 boc
2161 714 2334 774 titulo
2354 736 2373 775 t
2421 723 2443 749 ⁶
2472 718 2538 776 In

399 810 475 870 C.
504 809 648 871 Julii
673 812 921 871 Caenris
966 810 1271 871 clarissimi
1311 811 1484 870 Rom.
1543 811 1920 890 Imperatoris
1962 810 2435 871 Commentarios
2463 813 2539 872 de

399 906 566 967 bello
594 904 807 984 gallico
831 927 906 968 ac
933 908 1092 967 civili
1117 906 1359 969 Henrici
1385 907 1662 966 Glareani
1692 914 1887 987 poetae
1913 907 2156 969 laureati
2185 909 2543 969 Annotatio·

399 1023 526 1063 nes.
572 1005 838 1084 Friburgi
883 1006 1244 1085 Brisgovioe.’
1306 1008 1365 1065 8.
1448 1004 1760 1085 Inscripsit
1810 1005 1916 1065 has
1962 1026 2096 1065 suas
2121 1007 2534 1068 annotationes

399 1101 733 1161 Glareanus
761 1104 1093 1166 nominibus
1122 1102 1421 1163 Gnidonis
1448 1112 1631 1183 atque
1660 1103 1955 1182 Prosperi,
1988 1120 2393 1183 generosorum
2428 1106 2542 1165 Ba-

403 1216 614 1259 runnra
643 1218 683 1259 a
703 1201 1029 1272 Gebennis,
1059 1202 1333 1282 epistola,
1368 1198 1506 1261 Kal.
1541 1200 1761 1281 Aprilis
1793 1200 2062 1279 Friburgi
2091 1198 2411 1275 Brisgoviae
2436 1218 2535 1263 an.

405 1301 586 1357 1538.
634 1297 871 1376 scripta,
917 1300 977 1359 in
1008 1318 1123 1379 qua
1158 1318 1360 1359 earum
1409 1298 1610 1361 reddit
1652 1300 1956 1368 rationem,
2006 1306 2069 1357 et
2114 1298 2309 1358 AEneae
2354 1298 2538 1380 Sylvii

398 1392 776 1472 aliorumque
802 1416 1047 1467 errores,
1095 1416 1247 1475 quos
1275 1397 1332 1455 in
1363 1397 1543 1457 veteri
1588 1395 1945 1476 geographia
1973 1394 2354 1467 admiserunt,
2407 1414 2541 1476 per·

401 1491 656 1571 stringit.
717 1493 1040 1572 Epistulam
1064 1494 1289 1573 excipit
1321 1495 1502 1555 ludex
1531 1515 1756 1566 eorum,
1808 1514 1943 1574 quae
1969 1493 2025 1552 in
2052 1492 2538 1567 annotationibus

393 1590 705 1650 enucleata
731 1591 1114 1670 reperiuntur.
1200 1588 1475 1669 Adjectae
1503 1602 1710 1671 postea
1739 1590 1979 1652 fuerunt
2005 1590 2097 1650 hae
2123 1590 2534 1661 annotationes

399 1686 600 1746 multis
625 1686 874 1747 Caesaris
899 1687 1277 1760 editionibus,
1304 1698 1367 1748 et
1395 1689 1638 1750 seorsim
1672 1688 1947 1768 Lugduni
1984 1686 2157 1749 1546.
2206 1697 2261 1749 8.
2310 1706 2534 1750 recusae

395 1781 771 1863 prodierunt.

303 1913 399 1926 —
441 1881 795 1960 Gryphiana
825 1899 903 1943 11.
935 1884 1229 1963 Lugduni,
1260 1883 1418 1963 apud
1450 1885 1593 1944 Seb.
1624 1884 1980 1966 Gryphium.
2035 1892 2128 1945 1²2.

301 2008 398 2024 --
441 1978 707 2041 Basileae.
753 1991 810 2043 8.
855 1982 979 2043 sine
1006 1983 1242 2043 nomine
1268 1982 1644 2062 typographi.
2512 2002 2521 2009 ·

310 2083 482 2146 1539
527 2076 774 2139 Parisiis.
820 2087 881 2141 8.
922 2080 1083 2159 apud
1115 2080 1323 2167 Franc.
1371 2078 1711 2160 Gryphium
1754 2096 1812 2137 c.
1842 2074 1986 2157 ligg.
2072 2078 2150 2137 Et
2198 2077 2328 2137 baec
2356 2076 2536 2138 editio

391 2172 722 2235 rarioribus
750 2176 911 2238 libris
939 2188 1380 2239 annumeratur.

299 2300 394 2319 —-
441 2272 712 2333 Basileae.
746 2282 804 2336 8.
841 2277 913 2336 C.
941 2276 978 2337 J
985 2276 1088 2336 ulii
1117 2276 1367 2336 Caesaris
1392 2272 1830 2335 Commentarii.
1876 2272 2028 2341 Quae
2057 2272 2114 2331 in
2142 2271 2255 2332 bac
2280 2270 2540 2333 editione

391 2366 647 2447 adjecta
686 2370 823 2445 sint,
873 2372 1094 2452 quibus
1125 2373 1411 2432 hactenus
1437 2370 1702 2431 omnium
1742 2369 2031 2431 editiones
2063 2378 2398 2438 caruerunt,
2453 2390 2543 2429 se-

390 2486 585 2547 quens
615 2469 840 2548 pagella
867 2468 1126 2530 docebit.
1210 2470 1455 2531 Basileae
1485 2487 1592 2547 per
1618 2468 1757 2529 Nic.
1794 2466 2214 2546 Brylingerum.
2298 2465 2447 2526 flare
2478 2465 2538 2527 in

392 2565 594 2626 fflulo,
675 2567 895 2646 Pagina
923 2587 1123 2628 aversa
1152 2568 1424 2647 leguntur
1450 2575 1734 2626 contenta
1760 2565 1820 2624 in
1850 2563 1968 2624 boc
1988 2562 2321 2624 volumine:
2367 2563 2538 2622 Com-

391 2662 814 2725 mentariorum
842 2663 918 2725 de
947 2665 1105 2727 bello
1130 2662 1517 2726 Gallicolibri
1545 2678 1706 2721 vm.
1753 2662 1847 2720 De
1874 2659 2033 2721 bello
2050 2659 2223 2720 civiti
2252 2657 2385 2717 libn‘
2419 2674 2533 2718 111.

391 2759 803 2821 Alea-drino
828 2761 934 2822 lib.
962 2777 1011 2822 1.
1075 2761 1360 2821 Africano
1388 2759 1492 2819 lib.
1527 2775 1576 2817 1.
1639 2757 2015 2838 Hispaniensi
2041 2756 2147 2816 lib.
2181 2772 2230 2815 1.
2297 2754 2539 2815 Pictura

391 2856 616 2917 Gallie
643 2857 825 2919 totius
849 2867 916 2919 et
941 2858 1267 2938 Hispaniae.
1327 2859 1566 2918 Pictura
1594 2856 1793 2935 pontis
1814 2856 1869 2914 in
1901 2853 2131 2925 Rheno,
2159 2856 2278 2912 Ele.
2349 2853 2539 2912 Loco·

373 2972 551 3026 Tum,
600 2954 831 3015 urbium
857 2964 922 3016 et
947 2956 1303 3036 populorum
1329 2954 1594 3024 nomina,
1622 2955 1736 3013 &c-
1833 2952 2124 3012 Praeterea
2149 2967 2256 3009 nos
2280 2947 2537 3008 editione

391 3049 498 3112 ih
516 3050 883 3117 addidimus:
921 3066 973 3115 1.
1015 3054 1486 3133 Descriptionem
1514 3051 1775 3131 Alpium,
1808 3059 1868 3109 et
1890 3047 2260 3128 quorundam
2286 3044 2537 3106 alio-nun

392 3151 689 3211 locorum.
773 3159 833 3211 2.
865 3151 1103 3211 Navalis
1131 3151 1212 3212 rei
1241 3151 1548 3221 vocabula,
1581 3147 1800 3227 quibus
1831 3146 2017 3206 utitur
2041 3145 2257 3206 Coesar.
2320 3151 2382 3206 3.
2412 3144 2542 3204 No-

389 3247 563 3308 mina
607 3247 911 3309 civitatum
957 3249 1333 3309 Germanice.
1418 3256 1478 3307 4.
1528 3246 1913 3324 Propriorum
1953 3241 2255 3303 nominum
2302 3261 2541 3302 nomen·

392 3346 714 3406 claturam.
793 3352 852 3406 5.
883 3345 1150 3408 Iudicem
1179 3345 1472 3407 dictorum
1502 3355 1564 3406 et
1590 3344 1907 3413 factorum,
1938 3359 2116 3421 quem
2146 3340 2308 3401 nulla
2333 3339 2537 3410 editio,

390 3443 474 3504 sit
499 3462 897 3522 qnaecunque,
928 3461 1101 3523 quam
1131 3461 1239 3503 nos
1269 3441 1543 3512 vidimus,
1576 3429 1821 3500 babuit.x

313 3549 482 3604 1540
525 3541 875 3621 Gryphium
905 3557 1015 3602 ιιι.
1080 3540 1374 3619 Lugduni,
1403 3539 1568 3620 apud
1596 3539 1737 3598 Seb.
1767 3536 2122 3618 Gryphium.
2157 3543 2215 3597 8.
2278 3531 2539 3594 Extabat

393 3638 457 3697 in
489 3637 856 3699 bibliotheca
886 3640 1229 3711 Crevenuae,
1258 3649 1409 3700 teste
1437 3639 1728 3715 catalogo
1753 3636 1832 3695 Τ.
1863 3652 1926 3692 ν.
1957 3654 2021 3714 p.
2057 3641 2191 3693 153.

309 3744 476 3798 1543
520 3736 875 3815 Gryphiana
905 3753 1000 3798 lv.
1044 3737 1337 3816 Lugduni,
1365 3736 1530 3816 apud
1559 3736 1700 3797 Seb.
1733 3732 2091 3812 Gryphium.
2138 3737 2196 3789 8.

305 3869 392 3880 ——-
436 3833 707 3893 Basileae.
754 3842 811 3894 8.
859 3853 996 3894 cum
1024 3835 1123 3895 Jo.
1169 3833 1494 3895 Rhellicani
1519 3831 1784 3911 Tigurini
1815 3827 1966 3888 notis
2000 3826 2126 3885 sive
2153 3816 2540 3903 praelectioni-

397 3930 512 3989 bus
557 3928 616 3989 in
645 3931 1188 3990 caesarem—flas
1237 3930 1650 4010 praelectiones
1698 3925 1847 3987 ordo
1896 3922 2305 4000 theologorum
2357 3913 2536 3975 Paris.

395 4027 740 4107 postulante
768 4027 1153 4088 Procuratore
1177 4029 1358 4106 regio,
1399 4024 1717 4086 examinari
1736 4019 1961 4101 jussit!

303 4159 396 4174 —
437 4123 692 4184 Parisiis.
735 4123 841 4185 fol.
883 4126 960 4194 C.
985 4124 1127 4185 Julii
1152 4121 1408 4185 Cnsaris
1442 4142 1639 4184 rerum
1681 4140 1716 4180 a
1747 4139 1809 4179 se
1838 4126 2135 4197 gestarum
2160 4111 2539 4170 Commenta-

396 4221 490 4293 rii,
517 4227 637 4281 ὅτε.
697 4220 915 4281 Omnia
943 4222 1172 4282 collatis
1201 4222 1445 4283 vetustis
1475 4218 1905 4297 exemplaribus
1928 4224 2045 4273 tam
2077 4207 2333 4288 scriptis,
2358 4223 2537 4286 quam

399 4317 720 4397 impressis,
770 4329 1050 4380 accurate
1095 4317 1425 4379 emendata.
1510 4315 1754 4378 Pictura
1781 4313 1964 4375 totius
1993 4306 2225 4378 Gallim
2271 4309 2388 4365 3⁶0·
2432 4320 2540 4382 1³⁶¹*
