3117 5025
607 381 783 452 1836
1261 400 1321 447 J.
1366 398 1580 448 cust
1627 399 2164 448 commun-nnn

610 551 989 614 invehantur:
1018 552 1229 613 decere
1250 563 1566 631 utrumque
1591 552 1912 631 pertinacia
1936 552 2152 612 omissa
2177 552 2253 611 ab
2278 551 2454 612 armis
2477 550 2819 628 abscedere,

610 669 805 729 neque
833 652 1122 711 fortunam
1154 650 1367 729 saepius
1394 650 1667 729 experiri,
1699 650 1746 708 si
1774 650 2221 728 rempublicam,
2253 649 2298 707 si
2327 649 2549 727 seipsos
2573 661 2814 713 ament:

612 766 793 809 unum
822 750 962 810 illud
996 749 1340 810 tractatibus
1370 748 1529 828 pacis
1576 748 1853 807 idoneum
1881 758 2112 826 tempus
2140 747 2437 826 arripiant,
2487 747 2632 808 dum
2662 747 2820 808 scili-

609 856 705 908 cet
757 849 1012 927 partium
1071 845 1255 907 status
1310 866 1548 926 anceps,
1598 845 1784 925 aequis
1840 864 2025 924 prope
2079 845 2349 905 lancibus
2373 843 2670 924 ⁶pandet:
2718 847 2819 906 ubi

604 946 1054 1024 praeponderare
1083 947 1263 1025 coepit
1309 965 1444 1024 pars
1472 944 1658 1004 altera
1686 988 1703 1014 ,
1734 964 1868 1003 eum
1900 943 2001 1022 qui
2031 943 2297 1021 superior
2320 944 2585 1013 evaserit,
2631 944 2821 1023 aequis

607 1042 1043 1106 conditionibus
1090 1065 1205 1103 non
1246 1054 1569 1104 staturum:
1615 1062 1750 1102 nam
1782 1042 1912 1120 quis
1958 1043 2015 1101 in
2063 1041 2449 1119 prosperitate
2495 1041 2582 1100 uti
2631 1041 2822 1101 soleat

605 1140 928 1217 aequitate‘l
966 1152 1026 1201 et
1071 1161 1253 1220 quum
1283 1140 1357 1201 de
1387 1139 1824 1201 conditionibus
1851 1129 2017 1218 pacis
2047 1138 2461 1216 ambigeretur,
2512 1158 2610 1198 eas
2655 1159 2690 1198 a
2735 1159 2824 1197 se·

607 1244 750 1297 natu
776 1247 837 1298 et
863 1238 1086 1318 populo
1115 1243 1383 1300 Romano
1410 1238 1531 1316 peti
1578 1246 1872 1317 oportere.
1957 1237 2052 1294 ⁷Si
2101 1237 2255 1296 enim
2286 1255 2358 1295 ex
2409 1235 2552 1314 ipsis
2581 1235 2820 1295 civilem

608 1333 861 1394 animum
890 1347 949 1395 et
977 1336 1318 1416 reipublicae
1349 1335 1718 1412 majestatem
1748 1334 2048 1413 pristinam
2080 1334 2406 1394 restitutam
2435 1353 2580 1403 esse,
2631 1333 2822 1394 visum

610 1430 701 1492 iri.
785 1434 1021 1493 Interim
1052 1433 1400 1513 principium
1432 1432 1595 1511 pacis
1623 1451 1768 1504 esse,
1800 1431 1849 1490 si
1878 1441 2126 1511 uterque
2154 1429 2462 1491 confestim
2493 1432 2550 1489 in
2574 1430 2826 1498 concio·

611 1547 685 1588 ne
719 1529 1026 1609 juraverit,
1080 1551 1142 1590 se
1171 1531 1378 1591 eodem
1408 1532 1533 1610 ipso
1560 1530 1759 1590 triduo
1808 1531 2127 1590 exercitum
2155 1529 2555 1589 dimissurum:
2601 1539 2662 1588 et
2690 1528 2824 1588 baec

616 1634 683 1687 ut
710 1626 867 1686 bona
911 1624 1032 1687 fide
1079 1628 1174 1706 agi
1221 1629 1539 1707 Pompejus
1589 1628 1839 1699 noverit,
1896 1648 1958 1687 se
1996 1628 2246 1706 priorem
2273 1646 2474 1700 omnes
2504 1626 2708 1704 copias
2737 1625 2829 1686 di-

616 1723 846 1784 mittere
876 1734 1140 1803 paratum
1165 1748 1180 1787 2
1228 1726 1391 1806 quod
1421 1746 1560 1786 cum
1587 1726 1795 1787 fecerit
1822 1735 2084 1805 uterque,
2125 1724 2455 1786 necessario
2483 1733 2724 1784 senatus
2747 1743 2822 1784 ac

614 1822 820 1901 populi
857 1821 1091 1900 judicio
1141 1825 1414 1884 standum
1462 1825 1627 1885 fore!
1709 1826 1860 1884 Haec
1889 1844 2025 1884 cum
2066 1824 2286 1883 Vibulo
2330 1821 2405 1882 ad
2434 1821 2824 1893 ει(ἶοι-ιεὶίεεειω,

615 1918 719 1979 ubi
738 1939 869 1979 eum
900 1920 1052 1982 forte
1082 1933 1402 2002 competat,
1426 1944 1560 1984 cum
1592 1924 1822 2002 egisset,
1843 1933 1904 1983 et
1924 1921 2172 1982 Vibulus
2197 1922 2270 1981 ad
2302 1918 2652 1999 Pompeium
2683 1919 2823 1979 ivit:

615 2026 676 2077 et
703 2018 905 2078 Coesar
949 2027 1261 2080 tractatore
1300 2021 1466 2099 pacis
1495 2021 1813 2101 praemisso,
1865 2029 2104 2099 paratus
2154 2018 2227 2079 ad
2273 2019 2488 2077 bellum
2514 2037 2546 2075 e
2575 2017 2828 2096 vestigio

617 2113 966 2175 subsecutus
992 2117 1198 2195 positis
1227 2117 1299 2178 ad
1332 2119 1582 2180 Oricum
1611 2119 1817 2180 castris
1846 2128 2054 2179 contra
2083 2119 2312 2177 hostem
2342 2114 2635 2176 constititt
2670 2135 2831 2195 mag-

618 2227 728 2270 nus
757 2210 815 2269 in
842 2212 1102 2272 exercitu
1132 2215 1401 2293 Pompoji
1453 2216 1689 2295 inopino
1720 2216 1968 2276 Caesaris
1996 2214 2250 2275 adventu
2280 2213 2565 2274 tumultus
2593 2233 2828 2274 exarse-

618 2316 729 2378 rat,
758 2327 880 2386 quo
908 2329 1272 2389 compresso,
1306 2313 1410 2373 ubi
1438 2315 1689 2392 primum
1718 2313 1898 2373 animi
1927 2313 2336 2391 conquievere,
2376 2310 2624 2370 Vibulus
2653 2311 2832 2370 adbi-

620 2403 759 2464 bitis
783 2406 1009 2484 aliquot
1025 2410 1208 2481 exiis,
1233 2429 1382 2488 quos
1396 2411 1685 2489 Pompejo
1706 2431 1871 2471 caros
1893 2410 2167 2488 fidosque
2183 2418 2561 2488 cognoverat,
2576 2407 2650 2467 de
2667 2427 2834 2469 man·

613 2499 773 2562 datis
796 2503 1043 2565 Caesaris
1064 2505 1228 2586 loqui
1256 2507 1467 2588 coepit:
1499 2506 1673 2587 [196]
1713 2508 1925 2587 vixque
1955 2506 2097 2568 dum
2118 2507 2494 2586 incipientem
2517 2506 2831 2585 Pompejus

618 2599 932 2689 interrupit
957 2605 1312 2666 exclamans.
1393 2613 1409 2640 ‘
1444 2607 1519 2665 Et
1548 2606 1738 2684 quid,'
1770 2605 1983 2685 inquit,
2013 2614 2032 2639 ‘
2063 2604 2204 2664 mibi
2232 2604 2324 2664 vel
2351 2602 2470 2663 vita
2497 2602 2590 2664 vel
2617 2603 2827 2664 civitas

619 2696 930 2777 profutura
955 2710 1064 2776 est,
1093 2722 1268 2781 quam
1292 2700 1583 2763 beneficio
1611 2704 1859 2764 Caesaris
1885 2712 2186 2763 assecutus
2214 2700 2454 2762 videar?
2479 2702 2658 2778 cujus
2687 2718 2834 2761 con·

619 2796 859 2857 trarium
890 2798 1074 2860 videri
1099 2800 1358 2881 ⁹nequit,
1390 2800 1501 2860 nisi
1528 2799 1684 2861 bello
1710 2809 1957 2880 peracto
1984 2800 2044 2859 in
2072 2798 2324 2870 Italiam,
2353 2796 2509 2858 unde
2536 2796 2834 2859 discesse-

618 2893 750 2964 rim,
793 2894 902 2955 sim
947 2901 1252 2958 reversus!
1332 2897 1705 2977 Responsum
1734 2896 1851 2956 hoc
1883 2896 2121 2968 Caesari,
2151 2915 2257 2974 per
2282 2913 2382 2954 eos
2410 2894 2570 2972 ipsos
2596 2894 2703 2972 qui
2732 2914 2835 2954 au-

620 2989 852 3051 dierant
878 2991 1047 3066 illud,
1091 3002 1296 3053 notum
1337 2993 1488 3055 suit:
1534 2994 1829 3074 potuisset
1857 2993 2170 3054 mediocris
2194 2991 2372 3051 etiam
2404 2990 2489 3051 vir
2511 2989 2832 3052 fortissime

621 3088 930 3159 subirasci,
959 3090 1271 3169 indignari,
1319 3111 1552 3152 omnem
1585 3092 1749 3171 pacis
1774 3093 2044 3152 omittere
2070 3089 2443 3151 mentionem.
2524 3088 2665 3167 lpse
2692 3109 2834 3150 vero

620 3204 740 3245 nou
765 3184 1007 3257 destitit,
1036 3186 1140 3247 sed
1170 3187 1326 3247 aliud
1356 3188 1465 3247 iter
1492 3189 1659 3267 pacis
1685 3188 1985 3268 ingressus
2011 3196 2300 3247 retentare
2326 3184 2532 3257 voluit,
2559 3204 2635 3245 an
2665 3186 2830 3265 qnod

622 3291 852 3343 moreto
892 3303 1009 3343 non
1038 3291 1313 3363 potuerat
1347 3286 1539 3365 palam
1569 3299 1787 3365 posset.
1875 3289 2017 3347 Erat
2054 3285 2205 3345 inter
2230 3292 2425 3344 castra
2450 3283 2672 3343 ducum
2701 3302 2832 3344 am·

620 3379 710 3439 nis
746 3397 895 3439 unus
940 3380 1182 3460 exiguus
1210 3382 1506 3461 ¹0Tapsus
1554 3383 1827 3454 nomine;
1870 3382 1956 3444 ibi
2003 3381 2214 3442 milites
2243 3379 2520 3459 ”ereptis
2571 3379 2728 3440 inter
2771 3400 2836 3442 se

625 3476 967 3557 quotidiana
993 3479 1294 3559 colloquia
1321 3501 1510 3542 serere
1538 3482 1694 3542 soliti
1721 3490 1905 3552 erant,
1944 3480 2066 3541 sine
2093 3480 2215 3540 ullo
2240 3478 2487 3539 telorum
2530 3476 2832 3556 periculoz

625 3578 872 3655 ¹²quum
917 3575 1068 3637 inter
1113 3589 1307 3657 partes
1335 3581 1697 3640 convenisset
1739 3577 2113 3657 colloquendi
2160 3575 2344 3638 credo
2390 3574 2680 3635 desiderio
2709 3584 2840 3638 tan·

624 3673 808 3753 tisper
847 3673 963 3733 iras
1007 3672 1355 3737 cohibente:
1400 3675 1521 3736 illic
1568 3679 1773 3737 Caesar
1825 3677 1890 3735 1³.
1919 3676 2218 3737 Vatinium
2266 3695 2338 3735 ex
2384 3673 2585 3752 legatis
2607 3672 2726 3733 suis
2753 3673 2840 3734 irs

606 3804 611 3811 ·
617 3771 813 3850 jubet,
861 3781 923 3833 et
950 3791 1345 3852 quoecumque
1396 3775 1579 3853 magis
1607 3774 1915 3836 estimaret
1956 3773 2037 3834 ad
2083 3793 2288 3853 pacem
2333 3780 2565 3831 motura
2589 3769 2838 3842 animos,-

624 3887 763 3930 cum
791 3869 1021 3931 civibus
1049 3871 1392 3951 eisdemque
1422 3871 1690 3932 hostibus
1719 3891 1913 3953 agere,
1957 3881 2018 3932 et
2043 3890 2202 3950 saepe
2227 3871 2347 3931 alta
2378 3886 2522 3928 voce
2550 3885 2838 3946 querere,

692 4111 727 4155 θ
757 4105 920 4171 Lege,
947 4111 1137 4174 pendet.
1141 4118 1235 4162 -τ
1268 4114 1448 4177 Forte,
1482 4115 1570 4166 sto
1601 4131 1729 4167 m.-
1760 4114 1880 4180 φα.
1907 4111 2211 4162 mum-s
2244 4107 2423 4169 Forte,
2464 4103 2728 4165 corea-m,
2755 4101 2841 4153 uu

617 4184 754 4246 sorte
772 4200 882 4237 eum
904 4196 1163 4254 repererat.
1163 4198 1262 4242 —9
1296 4194 1471 4261 Forte,
1490 4200 1837 4262 nsquam-1⁰
1870 4195 2030 4260 Lege,
2047 4192 2351 4257 Apum-11
2387 4187 2566 4250 Forte,
2585 4185 2838 4237 erebra-

634 4268 697 4319 12
731 4265 908 4330 Forte,
928 4269 1063 4335 quan·
1084 4270 1213 4323 inter
1226 4278 1411 4339 partes.
1827 4316 1834 4323 .
2825 4302 2836 4313 .
