3117 5025
966 885 2019 1006 LECTORI

1457 1172 1533 1238 S.

789 1458 893 1548 J.
973 1456 1113 1550 G.
1215 1449 2193 1554 GRAEVIUS.

1321 1812 1584 1836 “m
1589 1814 1676 1835 000

396 2095 599 2188 Cum
665 2141 929 2188 mecum
984 2126 1206 2207 ageret
1268 2142 1441 2189 anno
1496 2123 1868 2209 superiore,
1928 2122 2190 2188 nornine
2248 2121 2612 2206 Soeietatis

394 2222 1057 2305 Amstelodamensis,
1089 2225 1428 2292 Henrious
1460 2226 1807 2306 Boomius,
1853 2225 1960 2292 vir
1989 2229 2315 2310 spectatae
2342 2224 2497 2290 fidei
2537 2230 2608 2291 et

396 2326 758 2407 industriae,
790 2328 874 2393 de
898 2327 946 2393 J
952 2329 1069 2394 ulii
1099 2326 1395 2395 Caesaris
1437 2330 1726 2396 editione
1752 2347 1956 2407 nova,
1998 2348 2203 2414 quam
2243 2327 2405 2392 dare
2451 2345 2609 2393 oon·
2669 2375 2674 2380 ,

398 2431 737 2511 stituisset‚
777 2431 841 2496 ei
891 2431 1154 2497 ostendi
1205 2431 1520 2519 Dionysii
1571 2430 1855 2497 Gerardi
1902 2428 1950 2494 J
1954 2430 2190 2496 oannis
2244 2428 2323 2494 F.
2371 2427 2609 2495 Vossii

397 2542 594 2601 notas
623 2541 695 2600 et
718 2536 1217 2603 observationes
1240 2538 1314 2602 in
1343 2535 1683 2602 Caesarem
1728 2536 1977 2601 servari
2021 2535 2107 2600 ab
2150 2533 2298 2618 ejus
2344 2539 2608 2617 patruo,

398 2634 569 2703 Viro
599 2637 926 2706 Nobiliss.
971 2645 1043 2705 et
1078 2637 1406 2725 Ampliss.
1455 2638 1755 2706 Gerar-do
1798 2639 2060 2706 Ioanne
2087 2636 2365 2716 Vossio,
2405 2636 2610 2701 Sena-

399 2744 537 2804 tore
564 2759 893 2825 supremae
914 2739 1140 2808 Curioe
1164 2741 1524 2822 Flandrioe,
1546 2761 1701 2827 quae
1727 2746 1832 2808 est
1851 2741 2126 2808 ditionis
2146 2740 2613 2806 foederatorum

400 2841 786 2925 Belgas-urm
814 2862 935 2909 nec
963 2863 1072 2908 me
1101 2842 1426 2925 dubitare,
1454 2845 1614 2930 quin
1633 2844 1833 2930 hujus
1851 2842 2330 2908 lucubrationis
2348 2842 2614 2925 copiam

398 2944 463 3010 ei
489 2945 581 3011 sit
605 2944 898 3011 facturus
924 2944 1055 3011 Vir
1079 2945 1618 3013 humanissimus,
1683 2945 1891 3012 Istius
1912 2945 2056 3010 voti
2077 2962 2210 3009 non
2234 2944 2426 3026 longe
2454 2949 2616 3027 post

400 3065 679 3131 compos
707 3048 898 3132 petiit
923 3067 967 3113 a
992 3068 1102 3113 me
1128 3057 1225 3128 ut,
1254 3069 1453 3134 quem
1480 3047 1552 3113 in
1580 3066 1839 3114 musaeo
1867 3067 2017 3113 meo
2043 3045 2322 3124 viderat,
2356 3044 2403 3111 J
2407 3046 2614 3111 ulium

400 3147 696 3230 Celsum,
727 3156 805 3217 ut
828 3157 1134 3231 vocatur,
1163 3152 1248 3217 de
1293 3152 1435 3218 vita
1475 3157 1545 3218 et
1587 3153 1787 3217 rebus
1830 3150 1877 3217 J
1880 3150 2002 3216 ulii
2049 3147 2344 3214 Caesaris
2387 3167 2616 3215 secum

400 3255 979 3333 communicarem,
1009 3274 1208 3340 quem
1238 3254 1485 3320 librum
1526 3273 1677 3320 esse
1722 3252 2134 3318 rarissimum
2175 3249 2613 3329 intellexerat,

401 3370 556 3419 oum
583 3356 657 3420 in
681 3356 863 3422 nulla
890 3356 1139 3423 Galliae
1166 3356 1598 3436 bibliotheca,
1643 3356 1832 3422 illum
1879 3355 2153 3440 reperiri
2199 3357 2482 3421 testatus
2527 3353 2617 3418 sit

399 3454 446 3521 J
449 3476 702 3523 oannes
751 3458 1118 3525 Godwinus
1165 3458 1257 3525 V.
1303 3458 1407 3525 cl.
1465 3458 1821 3525 Professor
1870 3457 2155 3541 Regius,
2208 3456 2281 3520 in
2327 3454 2616 3521 editione

404 3557 696 3626 Caesaris
724 3562 797 3627 in
820 3582 1021 3627 usum
1063 3562 1387 3628 Sereniss.
1435 3561 1753 3648 Delphini
1798 3562 2143 3627 adornata.
2236 3558 2418 3624 Nam
2458 3576 2616 3624 eum

400 3661 465 3726 is
490 3662 901 3747 disputasset
927 3664 1012 3728 de
1052 3662 1308 3731 Floridi
1337 3663 1575 3730 Sabini
1604 3671 1672 3730 et
1717 3663 2048 3729 Ludoviei
2094 3661 2426 3728 Cal-rionis
2471 3661 2618 3745 opi.

401 3765 595 3830 nione
632 3763 717 3830 de
755 3769 1264 3847 commentariis,
1309 3787 1479 3852 quos
1519 3767 1844 3832 habemus
1888 3766 1973 3830 do
2013 3765 2191 3831 bello
2236 3763 2510 3829 Gallico
2548 3769 2620 3830 et

404 3863 630 3947 Civili,
659 3887 744 3933 ae
769 3870 830 3933 si
857 3869 958 3934 illi
981 3869 1159 3935 falso
1186 3869 1234 3935 J
1235 3871 1378 3937 ulio
1405 3869 1666 3936 Caesari
1696 3871 2144 3947 tribuerentur,
2175 3887 2330 3933 cum
2355 3867 2618 3932 illorum

402 3986 646 4052 parens
674 3971 768 4037 sit
791 3970 1018 4037 Julius
1049 3969 1312 4051 Celsus,
1339 3974 1502 4057 quia
1522 3973 1679 4038 hine
1708 3972 2128 4037 ascribantur
2178 3972 2247 4037 iu
2291 3968 2622 4039 nonnullis

406 4067 579 4135 Mes.
624 4078 701 4136 ut
739 4078 807 4139 et
852 4092 896 4138 a
937 4072 1201 4139 Joanne
1244 4073 1733 4154 salisberiensi,
1783 4072 2147 4140 Vincentio
2197 4074 2269 4139 in
2315 4071 2614 4156 speculo,

404 4179 679 4240 auctore
708 4175 1094 4260 Margaritae
1122 4176 1436 4263 poeticae,
1464 4177 1582 4261 qui
1609 4196 1743 4242 non
1780 4196 2002 4261 pauca
2043 4195 2134 4241 ex
2179 4173 2452 4241 Caesare
2496 4171 2613 4237 ‹le-

400 4277 818 4361 promserint,
861 4297 1016 4364 quae
1059 4278 1106 4345 J
1111 4279 1249 4346 ulio
1276 4275 1481 4346 Celso
1503 4278 1864 4364 assignent,
1891 4279 2185 4366 suineit,
2225 4276 2401 4343 hunc
2431 4292 2614 4343 scru-
