3117 5025
642 381 816 448 1792
1296 397 1357 448 ι.
1400 396 1618 448 nabar
1663 397 2208 451 confluam-Amr·

647 550 855 611 fratres
883 550 1019 630 capi
1051 548 1321 629 jusserat.
1406 551 1498 611 llli
1545 560 1742 614 autem
1794 562 1861 614 ut
1909 571 2046 614 cum
2088 552 2270 614 fratre
2297 560 2734 624 'converret-ant,
2777 552 2855 613 ad

648 649 848 710 hostes
874 649 1054 727 paulo
1096 659 1231 709 ante
1258 648 1655 730 profugerant.
1739 653 1832 711 Ita
1874 649 2141 713 fraudem
2185 651 2346 712 omni
2387 670 2462 709 ex
2508 639 2859 729 partenen-

647 755 902 808 stantem
930 748 1128 807 Caesar
1153 745 1500 826 intelligens,
1533 756 1700 807 tanto
1729 748 2008 808 intentius
2051 749 2288 827 ²⁹capto
2311 745 2599 826 procedit
2621 746 2855 810 itinere:

647 843 827 921 inque
881 845 1015 924 ipso
1064 853 1392 905 castrorum
1446 846 1609 906 exitu
1664 845 1936 907 bortatur
1983 865 2152 915 suos:
2199 865 2273 906 ne
2319 851 2611 910 nocturno
2658 845 2858 907 labore

650 941 987 1003 turbentur:
1029 961 1155 1002 esse
1180 941 1360 1014 enim,
1390 952 1452 1002 ut
1482 942 1746 1021 ineptum
1778 952 2014 1021 tempus
2043 939 2432 1003 ³⁰adeundum
2462 941 2558 1013 sit,
2587 949 2861 1004 necessa·

648 1037 799 1099 rium
827 1037 1109 1116 piumque
1137 1039 1274 1108 iter;
1319 1049 1378 1099 et
1425 1039 1643 1100 debere
1693 1039 1912 1118 pietate
1952 1040 2062 1099 viae
2089 1039 2361 1100 duritiem
2388 1059 2691 1118 supet-areg
2735 1060 2860 1100 om·

645 1135 938 1215 tribusque
981 1135 1345 1196 alacritatem
1385 1135 1653 1207 multam,
1679 1148 1861 1215 atque
1908 1136 2091 1196 eundi
2133 1136 2522 1216 cupiditatem
2569 1147 2741 1215 gestu
2787 1156 2856 1197 ac

646 1251 794 1294 voce
821 1226 1239 1313 3'signantibus
1268 1223 1685 1313 proficiscitur.
1731 1235 1806 1295 Et
1832 1234 2295 1313 vigintiquinque
2316 1233 2552 1294 milibus
2582 1254 2858 1314 passutnn

644 1332 869 1392 exactis
900 1330 1057 1391 videt
1081 1332 1160 1391 ab
1186 1330 1437 1392 adverso
1464 1332 1790 1392 venientem
1819 1332 2008 1394 aciem
2036 1331 2393 1392 AEduorum:
2439 1331 2858 1410 praemittitque

644 1428 760 1489 il‘lis
784 1428 1021 1488 obviam
1048 1426 1397 1505 equitatum,
1448 1427 1551 1506 qui
1589 1427 1721 1486 illos
1762 1427 2038 1505 impediat
2075 1447 2152 1488 ac
2180 1428 2458 1510 retardet,
2486 1428 2649 1508 gravi
2677 1428 2864 1490 omni-

646 1525 761 1590 bus
788 1526 1136 1586 inhibitione
1162 1525 1492 1604 proposita:
1539 1546 1612 1586 ne
1652 1545 1830 1604 quem
1858 1544 2098 1606 prorsus
2125 1525 2487 1587 occiderent:
2531 1545 2648 1586 non
2675 1526 2862 1590 severi

641 1622 885 1703 judicis,
915 1623 1012 1683 sed
1044 1622 1128 1702 pii
1158 1642 1318 1684 more
1345 1621 1552 1701 patris,
1594 1622 1884 1701 castigare
1913 1624 2136 1694 volens,
2164 1640 2284 1683 non
2313 1623 2627 1703 perimere:
2671 1622 2858 1688 noni-

649 1721 833 1783 natim
877 1719 1322 1800 Eporidorigem
1349 1731 1411 1781 et
1455 1720 1885 1782 'Uiridomarum
1916 1720 1997 1780 ire
2036 1720 2216 1799 jubet
2255 1730 2316 1781 et
2341 1741 2481 1782 suos
2507 1720 2754 1799 alloqui,
2797 1730 2862 1782 nt

641 1819 887 1881 videant
914 1839 1015 1879 eos
1044 1838 1231 1879 caesos
1260 1838 1378 1878 non
1404 1838 1554 1890 esse,
1587 1818 1744 1879 sicut
1762 1817 2032 1897 proditor
2053 1817 2149 1878 ille
2176 1817 2558 1878 confinxerat.
2603 1818 2728 1887 Qui
2755 1818 2861 1902 ubi

647 1919 723 1978 ad
754 1918 974 1980 AEduos
1002 1936 1227 1987 venere,
1257 1917 1597 1994 amicosque
1623 1924 1683 1975 et
1711 1925 1885 1977 notos
1911 1914 2264 1994 compellare
2291 1923 2613 1994 coeperunt,
2660 1921 2866 1990 (nemo

649 2026 846 2078 autem
894 2016 1024 2075 illos
1072 2036 1106 2074 e
1155 2023 1283 2075 toto
1330 2015 1559 2095 agmine
1599 2033 1717 2074 non
1761 2021 1822 2073 et
1869 2022 2112 2074 noverat
2156 2021 2216 2071 et
2263 2013 2528 2086 amabat)
2569 2014 2863 2093 percussit

647 2114 875 2174 animos
900 2113 1057 2173 illico
1086 2132 1222 2174 vera
1249 2112 1678 2175 consideratio:
1725 2120 2034 2172 senserunt
2076 2130 2140 2170 se
2183 2109 2544 2190 praeoipitem
2573 2111 2629 2170 in
2659 2110 2862 2172 locum

651 2213 738 2271 sui
768 2210 938 2271 ducis
966 2210 1173 2271 fraude
1202 2211 1532 2290 perductos.
1621 2210 1909 2288 Projectis
1937 2208 2138 2287 itaque
2166 2208 2364 2268 statim
2394 2206 2593 2280 armis,
2622 2218 2684 2267 et
2724 2227 2863 2286 pro-

650 2310 827 2370 tentis
877 2308 954 2369 ad
1011 2311 1307 2370 Caesarem
1354 2308 1646 2377 manibus,
1697 2307 1877 2386 [139]
1928 2315 2230 2383 eoeperunt
2281 2304 2403 2364 alta
2453 2323 2601 2363 voce
2643 2305 2859 2365 erroris

650 2407 881 2468 veniam
909 2397 1244 2484 implorare.
1326 2404 1654 2465 Litavictus
1699 2423 1833 2464 vero
1862 2402 2183 2480 intelligens
2213 2400 2482 2463 inefficax
2528 2420 2700 2461 suum
2731 2421 2860 2462 esse

650 2514 1064 2573 commentum,
1093 2498 1334 2564 dimisso
1361 2501 1621 2563 exercitu
1645 2500 1900 2580 amplius
1929 2518 2050 2560 non
2078 2519 2207 2571 suo,
2233 2519 2368 2560 cum
2399 2497 2715 2569 clientibus
2741 2498 2862 2561 suis

651 2601 755 2682 qui
799 2622 935 2662 eum
979 2622 1141 2662 more
1169 2599 1401 2662 Gallico
1449 2600 1507 2660 in
1553 2599 1714 2661 nulla
1759 2599 2026 2661 deserere
2077 2606 2354 2676 poterant
2399 2596 2653 2667 fortuna,
2703 2615 2860 2676 equo

652 2699 900 2761 stimulis
952 2699 1168 2759 adacto
1216 2699 1369 2759 olam
1413 2695 1711 2768 dilabitur,
1759 2694 2145 2775 pervenitque
2188 2696 2575 2773 Gon-gomani»
2629 2694 2865 2756 -caem

651 2798 863 2859 nuntiis
904 2797 1212 2857 ³²AEduum
1262 2796 1468 2868 missis,
1517 2795 1621 2873 qui
1650 2793 2043 2873 proditionem
2091 2792 2387 2864 Litavictu
2427 2810 2716 2877 suamque
2741 2790 2861 2855 ole-

652 2895 926 2959 mentiarn
976 2894 1329 2977 nuntiarent,
1384 2892 1755 2955 servatricem
1805 2910 2045 2953 suorum
2094 2890 2333 2961 civium,
2388 2910 2539 2969 quos
2587 2889 2862 2965 occidere

652 2992 937 3069 bellijure
956 2992 1140 3063 licuit,
1165 3011 1284 3051 non
1303 2990 1553 3069 amplius
1582 3009 1760 3068 quam
1791 3000 1907 3049 tres
1937 2990 2110 3048 horas
2139 2989 2327 3047 noctis
2349 2988 2425 3047 ad
2452 2987 2715 3066 requiem
2740 2988 2861 3049 suis

652 3089 837 3158 dedit,
868 3087 1086 3148 veritus
1113 3087 1313 3159 credo,
1343 3108 1415 3147 ne
1461 3087 1640 3147 nimio
1677 3107 1888 3167 sopore
1918 3096 2365 3149 marcescerent.
2447 3084 2598 3146 lude
2623 3087 2862 3165 Gorgo·

651 3204 808 3247 mam
838 3185 1012 3245 ³³duo
1041 3186 1267 3247 interim
1294 3185 1557 3264 pericula
1584 3185 1983 3263 contigerant:
2027 3204 2159 3245 nam
2188 3193 2250 3244 et
2275 3184 2514 3245 Alverni
2539 3205 2613 3244 eo
2639 3183 2862 3262 digres-

651 3305 719 3346 so
748 3293 938 3345 castra
963 3285 1090 3362 ejus
1118 3282 1490 3356 ³⁴evaserant,
1519 3291 1580 3343 et
1608 3293 1932 3345 castrorum
1961 3283 2213 3347 latitudo
2256 3293 2318 3344 et
2358 3282 2626 3362 paucitas
2654 3282 2862 3347 defen·

650 3402 842 3444 sorum
871 3392 931 3441 et
961 3381 1046 3440 vis
1078 3381 1331 3440 hostium
1361 3400 1479 3442 rem
1510 3381 1567 3440 in
1597 3400 1887 3441 summum
1936 3379 2248 3441 discrimen
2274 3379 2620 3439 adduxerat.
2704 3379 2773 3439 ld
2804 3401 2862 3441 se

650 3481 837 3560 primo
858 3480 956 3540 die
987 3498 1243 3558 passum,
1272 3479 1658 3558 proximoque
1687 3496 2013 3556 passurum,
2043 3489 2219 3557 atque
2247 3478 2326 3538 ad
2355 3476 2416 3537 id
2446 3497 2506 3537 se
2534 3494 2863 3555 praeparare

652 3577 871 3638 Caesari
900 3574 1110 3637 Fabius
1139 3576 1448 3647 nuntiavit,
1478 3575 1525 3634 is
1553 3576 1658 3654 qui
1685 3575 1912 3655 legatus
1939 3575 2015 3635 ad
2047 3585 2238 3636 castra
2259 3585 2642 3637 remanserat:
2673 3583 2737 3637 et
2766 3574 2866 3636 bic

653 3674 802 3740 ”ille
848 3674 1106 3744 nuntius,
1157 3672 1345 3732 noetis
1394 3682 1456 3733 et
1509 3672 1623 3731 vias
1672 3671 1888 3743 medio,
1939 3673 2234 3735 occurrit„
2317 3669 2618 3750 ³⁶Propter
2665 3690 2871 3751 gressu

650 3770 860 3831 addito
886 3770 1239 3841 accelerans,
1264 3769 1337 3829 ad
1369 3778 1564 3830 castra
1591 3769 1854 3830 noudum
1882 3780 2017 3830 orto
2033 3770 2157 3831 sole
2186 3769 2466 3847 pervenit.
2508 3768 2652 3849 ”Et
2669 3767 2872 3839 AEdut.

715 3954 781 3998 2ss
812 3950 974 4014 Lege,
993 3955 1156 4015 coepto.
1160 3954 1290 4000 —80
1328 3951 1503 4013 Forte,
1535 3951 1599 3999 ad
1620 3951 1839 3999 eandam.
1845 3954 1968 3998 —31
2009 3950 2186 4009 Forte,
2214 3946 2606 4011 significantibus
2611 3951 2745 3996 —32
2777 3947 2870 3999 Sic

652 4029 860 4095 inthap
888 4037 1026 4082 1⁷08.
1052 4032 1138 4082 lin.
1159 4035 1206 4081 6.
1240 4034 1449 4082 AEduum
1474 4047 1650 4083 tersus.
1685 4029 2381 4097 acetiunp.1801.lin.29.
2419 4029 2868 4079 AEduummedat.

650 4104 779 4160 ——33
825 4113 1010 4173 Deest,
1047 4113 1363 4178 proficiscitur
1365 4106 1509 4164 .—³‘t
1546 4114 1710 4179 Lege,
1752 4113 1846 4162 itit«
1845 4115 2039 4162 meran&
2041 4114 2169 4161 -35
2207 4111 2365 4174 Lege,
2409 4108 2634 4162 iuis—26
2681 4106 2867 4173 Forte,

647 4197 911 4257 nuptm.
913 4197 1040 4244 -w
1078 4194 1362 4260 Forte‚At
