3117 5025
936 459 1033 508 nn
1078 457 1259 506 vrrs
1303 455 1506 507 sunu
1553 454 1912 507 cassans.
2342 435 2517 504 1733

302 610 579 689 proelium
606 608 881 674 ruebant.
940 611 1291 672 4²Reversus
1333 610 1411 672 ad
1455 629 1518 671 se
1562 609 1845 670 militibus
1891 607 2191 679 Romanis,
2229 625 2364 669 cum
2412 606 2521 667 ali-

303 709 586 785 quamdiu
641 709 891 788 graviter
931 728 1042 789 pro
1067 709 1295 769 ⁴*hoste
1330 709 1629 788 paucitate
1669 715 1994 789 pugnatum
2022 715 2191 776 esset,
2246 725 2351 765 suo
2378 723 2517 765 cum

302 802 463 864 duee
487 805 650 876 victi,
675 816 1033 885 orantesque
1073 826 1211 867 cum
1239 808 1459 887 populo
1492 808 1554 866 in
1602 806 1959 867 deditionem
2009 804 2131 865 dux
2177 811 2358 882 atque
2387 801 2517 862 Sol-

300 899 453 960 dnrii
473 912 615 964 sunt
640 903 884 983 recepti.
968 904 1199 965 Dehinc
1227 906 1474 966 Crassus
1500 905 1558 964 in
1596 903 1872 965 ulteriora
1898 902 2272 984 progrediens
2301 900 2517 960 vicina-

300 1018 430 1059 rum
484 1000 752 1077 gentium
788 1000 1319 1080 conspirationibus
1357 1002 1584 1082 magnis
1609 1001 1921 1080 excipitur.
2005 1001 2098 1060 lta
2136 1009 2200 1060 ut
2229 998 2401 1059 etiam
2429 996 2510 1057 ab

302 1094 577 1175 Hispanis
603 1097 833 1168 ⁴⁴horis,
864 1115 1004 1178 quse
1046 1098 1428 1178 proximiores
1472 1098 1630 1160 bello
1666 1106 1851 1170 erant,
1893 1115 1997 1176 per
2035 1096 2255 1174 legatos
2293 1092 2511 1155 auxilia

300 1203 662 1270 peterentur,
716 1204 779 1256 et
817 1195 1004 1256 duces
1048 1196 1399 1276 eligerentur
1440 1213 1515 1256 ex
1553 1195 1641 1266 iis,
1673 1194 1778 1274 qui
1821 1194 1934 1253 sub
1980 1191 2208 1263 Quinto
2248 1189 2508 1252 Sertorio

297 1289 517 1350 rebelle
559 1292 820 1371 quidem,
862 1292 971 1362 sed
1020 1294 1292 1354 Romano
1334 1311 1447 1354 usu
1493 1292 1758 1353 militaris
1803 1292 2061 1352 scientiae
2115 1290 2510 1369 magisterium

298 1384 507 1466 adepti
538 1389 697 1449 bella
723 1409 921 1478 gerere
962 1409 1195 1470 prorsus
1222 1392 1494 1452 Romano
1530 1409 1694 1453 more
1725 1388 2072 1460 didicerant,
2115 1389 2249 1448 loca
2294 1387 2510 1447 idonea

296 1483 657 1564 ⁴⁵cupiendi,
714 1497 909 1549 castra
954 1488 1423 1564 communiendo,
1452 1484 1586 1569 [63]
1612 1481 1975 1550 commeatus
2017 1483 2275 1547 hostium
2329 1484 2511 1562 impe-

297 1578 541 1655 diendo,
571 1581 725 1644 acies
759 1585 1118 1657 instruendo,
1161 1584 1432 1665 praesidia
1480 1584 1874 1665 disponendo,
1905 1582 2114 1662 praelio
2134 1599 2206 1641 ac
2244 1581 2506 1660 receptui

294 1678 605 1750 cauendo:
674 1682 872 1742 omnia
925 1682 1043 1742 suis
1104 1683 1259 1743 horis
1308 1691 1370 1744 et
1431 1684 1549 1742 suis
1612 1682 1914 1743 ordinibus
1973 1677 2270 1740 faciendo.
2352 1678 2505 1745 Quae

295 1775 545 1837 Crassus
603 1788 823 1839 cuncta
874 1778 1275 1859 conspicieus;
1319 1781 1705 1860 cogitansque
1749 1777 1911 1860 quod
1964 1785 2109 1846 erat,
2154 1795 2217 1835 se
2261 1783 2509 1854 propter

294 1891 535 1934 suorum
590 1875 951 1953 paucitatem
1012 1894 1133 1937 nou
1200 1895 1372 1955 posse
1418 1877 1640 1937 diutius
1694 1874 1952 1936 hostium
2007 1871 2263 1934 consiliis
2324 1880 2505 1949 atque

290 1968 519 2030 artibus
546 1971 807 2045 obstare,
838 1991 1053 2053 pugnoe
1076 1973 1374 2035 fortunam
1403 1973 1655 2053 experiri
1682 1971 1905 2033 statuit.
1988 1972 2185 2041 Quam
2211 1988 2337 2029 rem
2366 1986 2504 2027 cum

293 2066 369 2127 ad
415 2067 722 2129 consilium
766 2071 1085 2149 rejecisset,
1127 2071 1310 2150 idque
1356 2072 1551 2154 ipsum
1592 2070 1869 2132 omnibus
1895 2068 2079 2129 visum
2114 2074 2289 2138 esset,
2335 2081 2505 2125 mane

290 2164 567 2241 proximo
605 2167 796 2228 aciem
839 2166 1056 2240 eduxit,
1093 2178 1410 2248 expectans
1438 2178 1503 2230 ut
1542 2170 1602 2230 in
1632 2168 1905 2249 proelium
1931 2166 2132 2226 hostes
2159 2162 2501 2244 egrederen-

290 2271 412 2323 tur.
486 2263 579 2323 llli
607 2283 745 2325 vero
771 2275 832 2326 et
859 2266 908 2326 si
931 2266 1010 2326 de
1038 2267 1287 2328 victoria
1314 2286 1433 2327 non
1455 2266 1650 2336 diffisi,
1670 2266 1851 2326 tutius
1873 2273 2066 2325 tamen
2084 2261 2198 2322 rati
2215 2270 2353 2322 sunt
2379 2258 2503 2320 siue

288 2360 505 2440 proelio
526 2362 786 2423 vincere:
816 2363 977 2443 quod
1009 2383 1118 2444 per
1141 2364 1419 2426 frumenti
1445 2364 1748 2444 penuriam
1775 2371 2117 2423 eventurum
2147 2357 2500 2438 sperabant:

240 2503 245 2506 ψ
290 2466 543 2537 propter
568 2477 746 2538 quam
790 2460 839 2520 si
886 2462 1135 2522 Romani
1181 2463 1316 2523 loco
1350 2459 1709 2523 ⁴⁴³crederent
1749 2457 1923 2539 tergis
1972 2457 2185 2517 instare
2225 2455 2503 2517 decreve-

290 2564 453 2617 rant:
496 2554 630 2616 “ac
679 2576 783 2635 spe
811 2557 1021 2618 castris
1050 2578 1111 2618 se
1152 2560 1452 2632 tenebant,
1497 2579 1691 2640 neque
1742 2576 1852 2638 pro
1893 2555 2138 2617 victoria
2180 2552 2501 2615 obsidionis

158 2676 163 2683 ·
286 2652 597 2713 infamiam
649 2652 1011 2714 “recubant
1094 2655 1347 2716 Romani
1392 2655 1653 2716 hostium
1710 2654 2047 2716 tarditatem
2094 2671 2213 2712 non
2253 2649 2500 2710 consilio

289 2749 674 2830 imputantes,
703 2749 805 2810 sed
825 2749 1124 2831 pavori,et
1150 2752 1423 2814 hortante
1446 2754 1623 2825 duce,
1649 2764 1711 2814 et
1737 2751 2020 2812 militibus
2041 2766 2256 2828 puguoe
2272 2748 2498 2826 signu-

292 2866 409 2908 una
440 2866 592 2908 voce
624 2848 1042 2925 poscentibus,
1074 2849 1242 2929 signo
1293 2850 1435 2911 dato
1478 2860 1675 2911 castra
1721 2847 2157 2929 aggrediuntur.
2242 2845 2381 2914 Quo
2433 2844 2495 2904 in

286 2955 432 3006 actu
472 2945 803 3019 auxiliares,
834 2947 894 3007 in
942 2947 1159 3027 quibus
1186 2948 1263 3009 ad
1306 2949 1578 3028 proelium
1615 2946 1914 3008 modicum
1963 2943 2088 3024 spei
2127 2950 2268 3013 erat,
2310 2939 2500 3001 missi-

286 3040 443 3102 liboe
494 3042 910 3122 suggeret-<11⁵3
982 3044 1153 3106 fossis
1208 3045 1543 3125 implendis,
1593 3043 1903 3125 aggeribus
1952 3039 2494 3101 ⁴⁹connectentibus

287 3138 609 3219 multiplici
651 3159 829 3219 opere
877 3142 1183 3221 occupati,
1252 3162 1416 3222 spem
1484 3142 1723 3220 majoris
1774 3138 2071 3201 exercitus
2117 3133 2495 3196 exhibebant.

286 3236 693 3317 Addebatque
724 3257 885 3298 error
902 3237 1003 3299 ‘hic
1041 3239 1266 3300 animos
1312 3241 1591 3300 Romanis
1630 3248 1809 3318 atque
1857 3235 2130 3297 hostibus
2167 3232 2491 3304 minuebat,

285 3332 589 3413 utrimque
614 3343 810 3394 tamen
837 3337 1214 3415 pugnabatur
1240 3330 1577 3418 asperrime.
1661 3337 1819 3395 Dum
1837 3352 1974 3395 ecce
2002 3332 2228 3411 equites
2256 3328 2491 3410 quidam

286 3431 503 3492 Crasso
527 3432 795 3491 nuntiant
814 3440 1006 3493 castra
1033 3433 1290 3494 hostium
1315 3434 1393 3493 ab
1420 3432 1666 3493 adversa
1691 3440 1861 3511 parte
1880 3427 2268 3509 negligentius
2295 3434 2495 3487 custo-

286 3526 425 3588 diri.
507 3529 570 3588 Is
596 3527 911 3607 prefectos
949 3529 1215 3610 equitum
1257 3529 1648 3591 ⁸⁰committit.
1731 3528 1827 3588 Illi
1870 3537 2067 3588 autem
2106 3525 2196 3587 his
2242 3520 2497 3585 cohorti·

282 3622 421 3697 bus,
453 3643 593 3704 quoe
621 3636 946 3686 castrorum
974 3626 1252 3706 praesidio
1280 3624 1712 3698 ⁵¹subederant,
1736 3644 1772 3684 a
1813 3622 2149 3684 vulneribus
2188 3630 2249 3680 et
2293 3620 2495 3679 labore

282 3721 528 3803 integris
587 3722 759 3801 longe
803 3743 839 3783 a
892 3733 1223 3803 conspectu
1276 3724 1532 3784 hostium
1573 3721 2009 3791 circumductis,
2055 3726 2283 3798 partem
2334 3715 2492 3777 illam

276 3827 610 3879 castrorum
637 3818 951 3899 improviso
968 3820 1212 3892 adeunt,
1241 3831 1302 3882 et
1321 3830 1637 3900 antequam
1667 3820 2017 3880 sentirentur
2043 3816 2193 3878 vallo
2233 3813 2489 3893 disjecto

283 3915 491 3976 mediis
510 3916 717 3976 castris
741 3936 875 3977 cnm
905 3917 1070 3978 caede
1096 3919 1323 3980 clamor
1348 3918 1627 3980 exoritur.
1707 3917 1937 3991 Territil
1956 3916 2153 3976 hostes
2179 3909 2492 3991 repentinis

279 4012 568 4075 ³²m21mis
611 4013 829 4074 omissa
880 4013 1065 4096 partis
1113 4015 1349 4077 alterius
1387 4016 1730 4077 defensione
1770 4014 2108 4094 diffugiunt.
2190 4011 2490 4077 Romanus

346 4194 411 4241 ⁴2
444 4190 625 4255 Forte,
646 4190 883 4243 Βωσείσ.
884 4196 1015 4244 -48
1051 4193 1230 4259 Forte,
1261 4195 1613 4246 Μαίνῃ-44
1648 4191 1811 4258 Lege,
1839 4191 1952 4241 oris.
1954 4194 2082 4241 -46
2120 4188 2281 4253 Lege,
2309 4186 2493 4253 capien-

278 4273 490 4323 doe-4⁶
523 4273 687 4338 Lege,
706 4275 1069 4327 cederent—4¹!
1102 4278 1264 4342 Lege,
1295 4277 1531 4329 λιιι-48
1562 4275 1722 4339 Lege,
1744 4272 2033 4324 recusabat.
2037 4274 2169 4321 —49
2203 4268 2363 4334 Lege,
2383 4281 2490 4319 σου·

281 4353 664 4407 wadia—6⁰
697 4354 861 4423 Lege,
881 4358 1107 4411 comittit
1111 4363 1253 4412 .-61
1291 4360 1455 4426 Lege,
1477 4356 1927 4410 subsederant-⁵2
1959 4354 2120 4419 Lege,
2142 4351 2295 4403 malis.
