3117 5025
662 409 838 477 1762
1312 426 1369 476 s.
1415 423 1630 476 cust
1675 423 2215 480 unumunurm

644 575 1133 658 ‘quamplurimos
1159 581 1337 656 atque
1364 578 1712 641 exarmavit:
1757 578 1945 639 multo
1971 577 2169 658 plures
2195 575 2502 637 occisurus
2529 575 2640 636 uisi
2671 574 2873 654 prosu·

652 694 774 755 ‚gos
804 673 1026 754 insequi
1053 674 1214 735 silvis
1239 674 1315 735 de
1345 695 1505 736 more
1534 687 1813 738 terrarum
1841 696 1912 736 uc
1941 674 2256 756 paludibus
2283 682 2594 735 vetaretur.
2655 675 2874 753 Coepto

652 770 868 850 itaque
897 791 1240 850 progressus
1264 772 1470 833 itinere
1497 772 1707 834 eodem
1738 772 1837 834 die
1863 772 2037 833 salvis
2084 772 2204 834 suis
2231 772 2501 833 omnibus
2527 771 2604 833 ad
2634 773 2877 834 Cicero·

666 867 760 930 nis
800 867 1045 930 hiberna
1082 869 1368 949 pervenit.
1448 869 1675 930 Turres
1724 889 1869 949 quas
1916 869 1976 930 in
2024 871 2276 931 circuitu
2324 880 2646 943 erexerant,
2696 881 2877 950 atque

667 986 852 1048 opera
881 967 1135 1028 hostium
1189 969 1453 1040 miratus,
1503 967 1923 1048 inveniensque
1949 989 1983 1029 e
2013 969 2294 1030 militibus
2324 968 2567 1048 legionis
2595 967 2751 1029 illius
2781 967 2876 1027 vix

666 1064 968 1128 decimum
999 1084 1295 1144 quemque
1322 1065 1448 1125 sine
1475 1064 1743 1126 vulnere:
1788 1076 2013 1144 quanta
2037 1066 2122 1127 ibi
2150 1086 2288 1127 oum
2318 1066 2538 1127 virtute
2581 1086 2673 1126 res
2715 1075 2882 1146 gesta

668 1173 822 1224 esset
847 1164 1087 1243 agnovit
1113 1174 1173 1223 et
1199 1162 1546 1222 Ciceronem
1590 1174 1649 1221 et
1697 1163 1984 1242 legionem
2029 1183 2169 1242 ergo
2197 1163 2391 1243 dignis
2419 1162 2697 1224 laudibus
2725 1164 2884 1224 oele·

671 1260 869 1334 brans,
896 1262 1073 1341 [100]
1101 1260 1473 1322 centuriones
1500 1260 1842 1322 nominatim
1870 1269 1934 1321 et
1977 1262 2241 1322 tribunos
2269 1262 2540 1334 militum,
2571 1271 2639 1323 ut
2679 1261 2884 1339 cujus-

671 1377 793 1442 que
820 1360 1003 1420 virtus
1030 1372 1209 1438 atque
1258 1358 1526 1437 operatio
1576 1359 1967 1419 merebantur.
2049 1357 2405 1420 ⁴⁸Postremo
2446 1358 2543 1419 die
2588 1359 2881 1419 concione

669 1456 980 1529 advocata,
1029 1456 1402 1518 confirmavit
1445 1475 1685 1515 suorum
1734 1455 1979 1527 animos,
2026 1456 2368 1535 solaturque
2415 1475 2593 1536 super
2639 1456 2881 1529 damno,

669 1554 883 1616 fraude
928 1555 1132 1627 hostis,
1180 1565 1241 1615 et
1287 1554 1463 1632 legati
1514 1557 1843 1616 temeritate
1894 1565 2206 1634 suscepta:
2253 1553 2568 1615 ostendens
2613 1554 2878 1616 coelitum

670 1652 872 1713 favore
899 1661 962 1713 et
990 1653 1203 1713 virtute
1233 1652 1498 1723 militum,
1522 1651 1675 1712 illius
1703 1650 1870 1711 malis
1895 1650 2118 1713 artibus
2146 1651 2412 1732 quaesitae
2429 1652 2693 1713 victoriae
2721 1649 2882 1713 band

673 1749 1002 1830 lougaevam
1048 1749 1228 1811 fuisse
1274 1749 1574 1811 laetitiam:
1613 1768 1982 1828 consequens
2008 1770 2153 1822 esse,
2185 1761 2250 1811 ut
2295 1770 2404 1811 neo
2432 1752 2514 1812 eis
2542 1750 2884 1814 diuturnior

673 1847 848 1912 dolor
874 1849 971 1909 sit.
1054 1849 1253 1928 Hujus
1279 1849 1434 1910 fama
1461 1847 1720 1908 victoriae
1756 1848 1831 1908 ad
1866 1848 2192 1909 Labienum
2222 1858 2387 1909 tanta
2415 1847 2885 1929 velocitate·'per·

671 1946 793 2012 tata
817 1959 928 2022 est,
956 1949 1119 2027 quod
1162 1968 1297 2009 cum
1344 1948 1487 2008 hora
1530 1946 1650 2008 diei
1698 1965 1852 2006 nona
1895 1958 2221 2026 pugnatum
2268 1957 2442 2018 esset,
2470 1956 2601 2007 ante
2629 1945 2883 2008 inediam

672 2056 912 2108 noctem
940 2047 1148 2110 Rhemi
1176 2046 1253 2107 ad
1284 2057 1608 2107 castrorum
1632 2057 1834 2124 portas
1855 2064 1989 2126 quae
2015 2047 2313 2125 sexaginta
2338 2065 2615 2126 passuum
2643 2044 2883 2106 milibus

673 2143 940 2216 aberant,
979 2143 1304 2223 jubilantes
1359 2143 1569 2226 vicisse
1614 2145 1907 2205 Coesarem
1959 2144 2318 2205 nuntiarent.
2419 2144 2556 2214 Qua
2599 2163 2668 2204 re‘
2709 2141 2882 2204 latius

652 2242 929 2321 suigaut,
958 2241 1425 2314 Induciomarus,
1454 2239 1711 2303 ”omnia
1732 2254 1928 2304 castra
1955 2242 2200 2304 Labieni
2226 2242 2285 2303 in
2315 2242 2636 2303 crastinum
2663 2237 2882 2302 adoriri

675 2339 1042 2420 propositum
1071 2350 1383 2414 craneum
1414 2341 1685 2402 omnibus
1717 2341 1837 2402 suis
1864 2351 2046 2401 noctu
2073 2340 2238 2413 abiit,
2281 2340 2691 2420 Trevirimque
2718 2355 2890 2420 repe-

672 2439 785 2500 tiit.
831 2439 1031 2501 Caesar
1055 2440 1115 2500 in
1145 2439 1389 2501 hiberna
1415 2439 2069 2513 concessitss‘nullumin
2097 2440 2182 2500 eis
2212 2439 2465 2501 otiosum
2495 2437 2649 2498 diem
2677 2453 2880 2519 agens,

676 2538 824 2618 quin
851 2537 1116 2617 quotidie
1142 2539 1365 2618 legatos
1393 2548 1455 2600 et
1495 2540 1891 2618 exploratores
1944 2538 2207 2619 undique
2231 2538 2568 2611 destinaret,
2599 2554 2704 2616 per
2727 2554 2884 2617 quos

672 2644 887 2699 statum
903 2656 984 2699 ‚ac
1004 2637 1379 2716 propositum
1406 2637 1706 2698 civitatum
1739 2647 2036 2698 nosceret:
2067 2634 2215 2697 tanti
2244 2646 2304 2696 et
2332 2646 2451 2697 tam
2474 2635 2666 2696 erebn'
2687 2642 2886 2696 motus

674 2734 1008 2797 Galliarum
1037 2734 1681 2810 omnit‘unsferebantur,
1698 2745 1760 2797 et
1788 2735 2156 2797 clandestina
2175 2754 2332 2815 saepe
2360 2734 2713 2805 concilia,·et
2740 2746 2887 2794 noo-

674 2845 845 2894 turna
871 2833 1048 2895 etiam
1077 2833 1133 2893 in
1162 2831 1319 2893 silvis
1346 2834 1627 2895 .⁵0habere
1667 2834 1980 2915 colloquia,
2008 2843 2071 2895 et
2097 2833 2173 2894 ad
2205 2852 2488 2894 summani
2517 2830 2714 2911 pacati
2742 2826 2888 2891 nibil

673 2930 1042 2995 audiebatur.
1126 2931 1288 2992 Inter
1311 2941 1524 2992 caetera
1553 2932 1770 2993 Lucius
1800 2932 2050 2992 Roscius
2080 2932 2183 3010 qui
2221 2932 2406 2991 tertiae
2427 2929 2679 2990 decimas
2703 2946 2891 3008 pru-

673 3038 765 3091 rat
786 3028 1002 3107 legioni
1028 3028 1314 3090 nuntiavit
1341 3028 1544 3107 copias
1572 3028 1836 3108 ingentes
1865 3027 2173 3089 Gallorum
2211 3028 2285 3087 ad
2332 3025 2730 3107 oppugnanda
2757 3027 2890 3105 ejm

676 3133 873 3187 castra
898 3126 1195 3205 venientes
1223 3135 1472 3205 accepta
1493 3126 1752 3188 vietoriae
1782 3146 1905 3188 suae
1935 3125 2093 3187 fama
2118 3127 2314 3188 subito
2343 3120 2704 3204 fugientibus
2731 3126 2891 3187 simi·

673 3224 765 3284 tes
790 3222 1029 3285 abiim-
1082 3223 1317 3291 Quibus
1344 3222 1571 3283 indiciis
1594 3242 1776 3284 unum
1803 3232 2009 3286 contra
2037 3244 2100 3286 se
2121 3224 2383 3285 animum
2402 3223 2729 3284 Galliarum
2750 3224 2888 3284 lune

676 3319 891 3380 clarius
920 3319 1263 3398 intelligens,
1293 3339 1413 3380 nou
1441 3330 1637 3381 tamen
1667 3320 1918 3382 destitit.
1957 3354 1962 3359 ·
1990 3322 2268 3382 Evocatis
2297 3321 2378 3382 ad
2409 3342 2472 3383 se
2502 3320 2887 3403 principibus,

658 3419 789 3479 ‘hos
817 3417 1132 3490 blanditiis,
1179 3425 1240 3478 et
1286 3419 1395 3478 hos
1444 3418 1615 3483 mitiis
1664 3428 1884 3498 quauta
1931 3419 2120 3497 quivit
2166 3418 2467 3499 diligentia
2510 3420 2568 3479 in
2597 3420 2888 3500 obsequio

678 3516 904 3579 studuit
930 3516 1202 3577 retinere.
1283 3515 1316 3549 ⁴*
1360 3516 1571 3596 quue‘
1602 3515 1681 3578 ad
1724 3517 2071 3579 continuum
2122 3517 2219 3578 hio
2271 3518 2422 3578 male
2470 3518 2728 3578 studium
2771 3516 2890 3579 fuit

676 3619 955 3687 Senones,
998 3634 1271 3695 quorum·
1299 3615 1453 3676 iuter
1497 3635 1702 3678 omnes
1749 3625 1830 3676 et·
1856 3616 2012 3676 fama
2055 3626 2119 3678 et
2160 3617 2479 3677 auotoritas
2510 3636 2720 3696 magna
2747 3626 2890 3688 erat,

677 3714 989 3779 Cavarium
1018 3713 1328 3794 quendam,
1357 3713 1498 3775 alibi
1528 3714 1884 3776 Cavarinum
1929 3716 2182 3788 invenio,
2231 3716 2422 3796 stirpis
2469 3716 2664 3793 regiae,
2710 3732 2891 3801 quem

676 3812 876 3873 Caesar
894 3811 1006 3891 iliis
1034 3832 1230 3890 regem
1259 3813 1525 3885 dederat,
1556 3813 1799 3892 publico
1834 3814 1911 3874 de
1936 3833 2226 3875 consensu
2254 3813 2530 3875 occidere
2558 3813 2893 3885 voluerunt.

578 3916 581 3919 ’
676 3912 949 3990 Cumque
993 3911 1040 3970 is
1084 3912 1241 3993 fugas
1279 3911 1557 3991 praesidio
1605 3912 1808 3973 mortis
1854 3912 2178 3991 periculum
2226 3912 2523 3985 evasisset,
2565 3912 2892 3991 persecuti:

648 4007 798 4091 :suis
841 4006 1291 4091 ''cmfinibus
1314 4009 1688 4089 expulerunt.
1771 4012 1940 4071 Cum.
1967 4019 2161 4071 autem
2191 4008 2501 4087 superbis
2545 4020 2892 4072 excusatum

676 4106 903 4185 legatos
930 4105 1005 4167 ad
1054 4106 1347 4167 Caesarem
1399 4106 1712 4181 misissent,
1761 4108 1931 4187 [101]
1974 4118 2155 4187 atque
2193 4108 2317 4187 ipse
2344 4118 2610 4169 senatum
2637 4108 2891 4169 civitatis

809 4322 872 4370 48
909 4320 1068 4385 Lege,
1091 4318 1440 4387 Paterae-49
1474 4321 1654 4385 Forte,
1674 4320 1904 4379 eut-50
1927 4323 2088 4389 Lege,
2110 4321 2426 4377 Μετὰ-61
2451 4323 2616 4389 Lege,
2633 4337 2759 4376 aar.
2849 4348 2856 4359 ·
