3117 5025
549 409 721 476 1718
1194 426 1256 475 s.
1305 423 1518 474 censi
1567 425 2104 478 oonmnnrsnu

545 575 775 636 &mari
813 583 1128 653 nequeant.
1211 573 1566 652 conjurasse
1609 574 2058 653 autem·Belgas
2103 591 2330 646 omnes,
2377 579 2438 632 et
2481 592 2621 633 cum
2664 572 2757 634 his

547 677 902 743 Germanos,
933 674 1036 751 qui
1064 673 1151 732 cis
1180 674 1449 733 Rhenum
1484 675 1852 734 habitarent:
1896 694 1956 734 se
1984 692 2021 733 a
2046 673 2181 732 belli
2209 670 2465 731 consiliis
2492 670 2710 734 alienos
2734 692 2754 742 ς

551 769 749 847 itaque
797 772 1152 829 deditionem
1195 781 1255 830 et
1305 770 1546 829 obsides
1597 781 1655 829 et
1702 770 1882 847 opida
1933 779 1994 829 et
2059 769 2415 828 frumentum
2476 777 2537 827 et
2584 786 2757 827 omne

551 885 732 944 genus
761 867 1029 944 obsequii
1068 865 1358 945 promptis
1396 867 1607 925 offerre
1645 867 1872 925 animis.
1953 867 2226 944 Cumque
2266 886 2340 924 ex
2389 865 2478 924 his
2523 864 2650 942 jam
2698 865 2754 924 in

551 962 730 1023 fidem
762 967 1010 1042 receptis
1049 974 1337 1041 quaereret
1376 962 1727 1041 scrupulose
1771 962 1847 1022 de
1887 962 2106 1022 viribus
2151 963 2432 1032 hostium,
2471 961 2759 1039 comperit

550 1079 653 1119 eos
709 1062 1033 1139 antiquitus
1089 1082 1121 1121 a
1174 1062 1483 1122 Germanis
1536 1061 1818 1139 originem
1877 1060 2115 1131 ducere,
2172 1059 2565 1136 Rhenumque
2621 1058 2758 1118 olim

551 1166 940 1236 transgressos
978 1179 1213 1219 omnem
1257 1179 1416 1237 saepe
1458 1158 1719 1217 Galliam
1756 1176 2017 1227 vexasse,
2063 1157 2315 1234 populos
2360 1157 2478 1215 suis
2522 1155 2759 1215 sedibus

550 1254 836 1332 ejecisse3
880 1257 1068 1316 auctis
1095 1256 1352 1333 denique
1380 1255 1637 1326 viribus3
1681 1264 1744 1314 et
1779 1254 2051 1316 Cimbros
2090 1263 2151 1314 et
2185 1253 2531 1313 Theutones
2575 1254 2760 1331 gentis

552 1363 821 1411 auctores
867 1354 985 1412 suis
1035 1352 1253 1411 finibus
1295 1351 1654 1411 ⁴⁵circuisse.
1749 1353 1909 1410 Dum
1955 1371 2093 1410 vero
2138 1350 2213 1410 de
2260 1369 2522 1421 numero,
2566 1349 2761 1427 deque

551 1452 895 1510 excellentia
945 1462 1269 1528 quaereret;
1329 1448 1720 1529 deprehendit
1764 1449 1911 1508 inter
1960 1448 2173 1527 Belgas
2221 1447 2538 1525 plurimum
2590 1465 2762 1525 posse

549 1543 1001 1615 ⁴⁶Bellionatos;
1049 1566 1151 1605 eos
1180 1556 1417 1606 centum
1458 1545 1635 1618 milia,
1665 1547 1718 1604 in
1749 1545 1963 1623 quibus
2001 1555 2197 1604 essent
2237 1545 2421 1604 electa
2461 1543 2764 1622 sexaginta

552 1641 706 1702 milia
736 1643 1061 1714 hominum,
1090 1659 1375 1714 ‘armasse,
1417 1643 1679 1723 bellique
1708 1643 1885 1703 totius
1924 1643 2144 1722 primas
2181 1641 2296 1701 sibi
2340 1649 2534 1720 partes
2563 1659 2767 1718 expos-

553 1758 722 1800 cere:
764 1741 1061 1818 proximos
1089 1762 1213 1800 esse
1241 1743 1581 1802 Suessiones
1608 1742 1988 1821 amplissimos
2025 1751 2201 1820 atque
2230 1739 2558 1800 uberrimos
2594 1757 2763 1817 agros

551 1837 902 1900 ⁴⁷incolere:
957 1859 1059 1899 eos
1111 1840 1328 1901 habere
1381 1842 1806 1919 quinquaginta
1855 1839 2010 1899 milia
2063 1848 2463 1899 armatorum:
2520 1836 2764 1895 totidem

554 1936 807 1996 Nervios
837 1937 1100 1996 omnium
1133 1936 1548 2007 ferocissimos,
1590 1937 1931 1996 Attrebates
1971 1941 2167 1996 autem
2208 1933 2547 2013 quindecim
2585 1931 2763 2005 milia,

555 2033 882 2093 Ambianos
931 2033 1134 2093 decem
1183 2034 1359 2106 milia,
1400 2035 1670 2094 Morinos
1720 2034 2187 2113 vigintiquinque
2233 2032 2408 2103 milia,
2455 2030 2766 2110 Menapios

554 2138 781 2208 septem
852 2130 1026 2201 milia,
1081 2129 1337 2189 ⁴⁸Caltes
1365 2129 1604 2191 {decem
1658 2131 1838 2203 milia,
1899 2131 2191 2192 Catuanos
2269 2130 2479 2189 decem
2555 2148 2767 2187 novem

555 2227 735 2298 milia,
783 2228 1043 2305 reliquos
1080 2226 1303 2303 aliquot
1345 2227 1603 2306 populos
1644 2228 1747 2306 qui
1796 2228 2081 2288 Germani
2123 2236 2317 2288 essent
2363 2225 2448 2285 cis
2495 2224 2766 2285 Rhenum

557 2323 945 2403 quadraginta
974 2324 1148 2383 milia.
1233 2325 1582 2404 Horumque
1611 2325 1867 2385 omnium
1899 2336 1958 2386 et
1995 2326 2175 2387 totius
2212 2326 2352 2385 belli
2388 2324 2601 2385 ducem
2630 2343 2771 2383 conn-

557 2441 733 2482 sensu
762 2422 1006 2499 publico
1035 2420 1353 2484 delectum.
1433 2421 1762 2485 ”Galbam
1813 2425 2132 2505 quendam,
2181 2424 2316 2503 [44]
2345 2422 2765 2482 ”Suessionem

555 2538 773 2598 regem,
816 2520 1129 2598 prudentia
1159 2519 1379 2579 clarum
1408 2521 1597 2580 virum
1626 2542 1696 2581 ac
1734 2522 1990 2601 justitia.
2073 2522 2181 2581 His
2220 2520 2534 2599 compertis
2574 2521 2771 2579 Caesar

557 2615 817 2677 Rhemos
870 2615 1197 2677 honorifica
1253 2615 1515 2676 oratione
1571 2621 1940 2697 complexus,
1999 2626 2263 2678 senatu‘m
2320 2635 2521 2676 eorum
2576 2614 2651 2675 ad
2708 2635 2770 2675 se

558 2713 758 2773 venire
806 2715 1077 2792 imperat,
1127 2722 1188 2772 et
1232 2713 1568 2792 principum
1615 2713 1768 2775 filios
1818 2713 2057 2774 obsides
2107 2712 2445 2773 adducere:
2509 2731 2644 2790 quae
2693 2710 2768 2771 ad

561 2809 911 2871 destinatum
944 2811 1100 2870 diem
1143 2811 1622 2871 obedientissime
1663 2811 1985 2893 adimpleta
2030 2819 2188 2871 sunt.
2271 2810 2536 2869 Numero
2573 2819 2771 2870 autem

559 2918 776 2978 motus,
820 2908 1178 2969 Divitiacum
1210 2909 1488 2969 Heduum
1534 2911 1820 2972 curiosius
1860 2908 2156 2981 admonet,
2204 2915 2489 2986 quantum
2537 2905 2774 2984 reipub·

560 3006 693 3065 licae
727 3005 1015 3085 salutique
1055 3008 1317 3067 omnium
1360 3007 1658 3086 expediat,
1701 3010 1854 3069 vires
1893 3007 2147 3068 hostium
2186 3004 2448 3074 distrahi,
2494 3024 2567 3063 ne
2609 3013 2774 3063 tanta

558 3103 728 3163 simul
755 3121 890 3162 cum
922 3102 1295 3163 multitudine
1323 3103 1749 3167 decertandum
1779 3114 1956 3167 esset.
2034 3103 2108 3164 ld
2152 3113 2350 3163 autem
2390 3100 2552 3162 nullo
2595 3098 2774 3160 modo

559 3199 764 3259 melius
813 3199 941 3260 fieri
983 3221 1178 3282 posse,
1228 3222 1408 3282 quam
1451 3202 1500 3262 si
1550 3204 1746 3263 Hedui
1776 3222 2007 3263 summa
2034 3202 2091 3261 vi
2137 3201 2585 3261 Bellovacorum
2626 3196 2772 3257 fines

558 3298 890 3377 irrumpant
932 3307 1115 3377 atque
1162 3300 1353 3359 omnia
1399 3302 1778 3380 populentur.
1879 3300 1977 3360 Sic
2028 3298 2378 3358 instructum
2425 3303 2773 3373 oratumque

559 3394 727 3453 illum
764 3393 823 3453 in
870 3395 1120 3473 patriam
1168 3417 1331 3457 suam
1377 3399 1580 3459 mittit.
1662 3401 1959 3460 Caeterum
2006 3397 2271 3476 digresso
2316 3395 2417 3454 illo
2462 3392 2773 3471 Belgarum

561 3491 762 3570 copias
792 3502 1129 3553 contractas
1157 3495 1656 3575 appropinquare,
1695 3505 1755 3555 et
1791 3515 1826 3555 a
1862 3494 2129 3568 Rhemis,
2170 3502 2230 3553 et
2276 3511 2310 3551 a
2349 3490 2466 3551 suis
2501 3488 2776 3568 explora·

560 3588 790 3651 toribus
821 3589 1129 3650 intellexit.
1213 3592 1359 3651 Ilico
1386 3591 1562 3672 igitur
1591 3593 1955 3653 ⁵¹Maronem
1996 3610 2229 3651 amnem
2265 3609 2374 3669 per
2413 3587 2776 3649 Rhemorum

565 3686 710 3748 fines
765 3687 1002 3748 ultimos
1056 3687 1461 3755 decurrentem
1518 3689 1745 3751 transit.
1827 3688 2124 3769 ⁵²Ubique
2179 3697 2310 3749 tuto
2362 3694 2425 3747 et
2478 3693 2776 3764 oportuno

564 3784 703 3844 loco
746 3793 940 3845 castra
987 3786 1328 3860 communit,
1375 3785 1616 3847 flumine
1659 3806 1843 3847 unum
1888 3796 2210 3848 castrorum
2259 3786 2411 3845 latus
2460 3782 2772 3851 ambiente,

545 3889 875 3962 ⁴tutumque
902 3882 1012 3944 iter
1038 3893 1099 3943 et
1124 3883 1488 3945 Rhemorum
1515 3894 1577 3947 et
1624 3885 1860 3947 urbium
1888 3885 2134 3947 aliarum
2179 3879 2439 3945 venturis
2482 3896 2779 3939 commea·

564 3979 724 4041 tibus
752 3979 1085 4042 adhibente.
1169 3981 1387 4043 Castris
1428 3982 1588 4043 omni
1635 3982 2027 4044 sollicitudine
2070 3978 2466 4061 ”ingenieque
2512 3974 2777 4046 firmatis,

630 4146 697 4193 46
737 4142 913 4207 Forte,
935 4143 1294 4196 πηνίκα-46
1326 4145 1503 4209 Forte,
1541 4145 1961 4197 Bellonam-47
1992 4144 2151 4207 Lege,
2183 4141 2582 4191 faculatem—48
2617 4137 2777 4199 Lete·

566 4225 904 4278 edeta—⁴⁰
924 4225 1299 4281 wadiam
1317 4222 2598 4283 mmdcveutcwz-a
2618 4218 2779 4280 Lege,

562 4307 931 4357 Axonam—52
967 4309 1142 4372 Forte,
1159 4307 1463 4373 θήκη-58
1498 4311 1657 4375 Lege,
1679 4308 1974 4373 agenteque.
