3117 5025
610 366 784 434 1828
1265 384 1325 433 s.
1370 381 1575 431 cnnsr
1633 345 2168 432 comuswrxan

606 535 1268 608 facturosobtnlerunt,
1324 544 1503 615 atque
1549 533 1862 613 imperanti
1910 533 2120 594 milites
2161 533 2430 595 alacriter
2473 544 2825 615 paruerunt:

611 636 830 702 diffuso
875 642 1040 695 metu
1083 634 1253 694 simul
1291 641 1352 693 et
1397 632 1553 693 fama
1583 632 1837 704 virtutis,
1880 641 1942 692 et
1975 633 2215 711 vulgato
2258 633 2462 693 borum
2507 632 2587 693 de
2613 635 2829 713 quibus

608 733 864 795 diximus
891 732 1051 793 exitu
1074 755 1092 805 3
1145 739 1376 792 caeterae
1402 749 1608 790 omnes
1636 729 2034 808 sequebantur
2061 727 2320 809 undique
2348 729 2679 793 deditiones
2698 752 2718 792 ι
2767 744 2826 795 et

608 829 654 890 si
685 831 818 909 quis
856 828 1264 909 praefectornm
1305 827 1737 888 contradiceret
1784 825 2127 904 capiebatur
2162 835 2264 885 aut
2303 825 2648 905 pellebatur.
2739 831 2829 892 Ita

596 927 815 1008 pulsus
844 947 916 987 ex
938 927 1172 988 Etruria
1192 926 1363 998 Libo,
1375 926 1670 985 Thermus
1687 943 1760 983 ex
1782 923 2044 996 Umbria,
2054 924 2262 984 Estulo
2284 924 2583 998 Lentulus,
2611 938 2827 1006 captus

610 1027 819 1088 Gneus
839 1026 1075 1105 Magius
1098 1023 1422 1105 ⁵⁷praefecti
1449 1023 1658 1083 ambo:
1688 1033 1749 1082 et
1776 1042 1912 1082 cum
1934 1021 2169 1101 Magius
2199 1021 2274 1082 ad
2293 1023 2583 1086 Caesarem
2609 1023 2828 1086 ductus

596 1132 780 1196 cesset,
809 1145 881 1186 ac
911 1124 1150 1184 fortasse
1179 1121 1537 1200 supplicium
1571 1118 1928 1191 formidaret,
1961 1119 2162 1180 Caesar
2188 1139 2323 1179 enm
2352 1119 2589 1199 placido
2629 1122 2829 1183 animo

608 1219 851 1282 dimisit.
937 1229 956 1256 ‘
986 1223 1061 1281 Et
1110 1219 1299 1294 vade,’
1351 1218 1562 1298 inquit,
1620 1224 1638 1251 ‘
1679 1217 1753 1277 ad
1813 1217 2186 1295 Pompejum,
2234 1216 2409 1295 eique
2453 1218 2593 1277 meis
2639 1222 2830 1281 verbis

606 1319 842 1381 nuntia:
904 1318 1182 1398 quoniam
1210 1316 1285 1377 ad
1312 1317 1469 1376 hunc
1501 1313 1656 1374 diem
1698 1332 1817 1374 non
1845 1314 2022 1376 suerit
2047 1314 2216 1374 nobis
2247 1316 2612 1394 oportunitas
2652 1319 2832 1380 collo·-

594 1416 847 1498 .quendi,
876 1425 1054 1496 atque
1086 1436 1196 1494 ego
1225 1412 1643 1485 Brundusium,
1688 1432 1808 1491 quo
1837 1411 2008 1472 ivisse
2037 1412 2199 1472 illum
2228 1413 2427 1484 audio,
2458 1414 2829 1493 profecturus

608 1534 774 1586 sum3
837 1514 1011 1593 [185]
1060 1511 1258 1584 credo,
1279 1522 1347 1571 ut
1374 1511 1783 1589 colloquamur
1806 1510 2127 1590 expediens
2155 1511 2410 1589 publicae
2431 1511 2622 1583 saluti,
2654 1514 2828 1593 cujus

591 1632 810 1675 curam
839 1631 1034 1691 gerere
1064 1610 1312 1670 maxime
1338 1619 1599 1669 nostrum
1627 1620 1737 1669 est.
1807 1609 1945 1668 Non
1973 1619 2063 1670 est
2090 1619 2283 1670 autem
2315 1629 2424 1689 par
2450 1609 2700 1670 effectus
2727 1632 2832 1690 per

604 1711 844 1771 nuntios
874 1708 952 1769 de
991 1707 1337 1788 longinque,
1359 1716 1539 1787 atque
1570 1707 1718 1768 inter
1735 1716 2050 1787 praesentes
2078 1707 2190 1768 ista
2209 1706 2463 1780 tractari,
2495 1707 2662 1784 quod
2689 1729 2831 1769 con·

608 1807 793 1888 specti
820 1808 1012 1868 vultus
1054 1815 1116 1867 et
1142 1807 1293 1866 vivae
1321 1825 1495 1866 voces
1544 1805 1622 1865 ad
1666 1805 1986 1866 movendos
2027 1806 2250 1865 animos
2289 1804 2536 1865 multum
2567 1806 2830 1884 possint:

592 1907 926 1985 ,Occupato
975 1906 1093 1965 sine
1141 1903 1264 1964 ictu
1306 1901 1485 1980 gladii
1523 1903 1764 1972 Piceno,
1806 1901 2125 1965 Corfinium
2166 1903 2534 1982 progreditur
2574 1904 2829 1982 opidum

588 2003 1026 2083 -Pelignornmz
1104 2019 1239 2062 ΧΠ.
1273 2003 1608 2081 ⁵⁸passuum
1662 2000 1884 2061 distans
1926 2022 1961 2062 a
2017 2001 2329 2062 Sulmone:
2388 2001 2553 2079 quod
2602 2001 2831 2066 idcirco

590 2097 876 2172 dixerim,
908 2097 1071 2179 quod
1101 2098 1370 2178 vulgares
1400 2097 1641 2178 quidam
1685 2098 1931 2177 opidum
1973 2108 2182 2177 putant
2227 2119 2351 2159 esse
2409 2099 2828 2162 ⁵⁹Tustorum:

592 2195 691 2258 ‚ibi
713 2196 1097 2258 contentionis
1118 2197 1454 2275 plusculum
1473 2196 1619 2258 fuit:
1663 2198 1957 2276 pendente
1976 2205 2167 2258 tamen
2195 2196 2520 2268 obsidione,
2545 2198 2828 2260 Lentulus

607 2294 842 2375 Spinter
883 2294 1062 2353 muris
1104 2314 1391 2373 egressus,
1417 2303 1479 2354 et
1517 2293 1697 2354 finem
1747 2303 2012 2354 metuens
2057 2293 2132 2354 ad
2184 2295 2473 2355 Caesarem
2504 2295 2685 2368 venit,
2716 2297 2828 2358 sibi

600 2402 786 2472 atque
830 2392 1155 2454 intrinsecis
1181 2392 1407 2454 veniam
1456 2403 1680 2470 petens,
1721 2391 1796 2452 ad
1843 2413 2014 2471 quem
2054 2393 2300 2453 Caesaris
2343 2393 2647 2473 responsio
2675 2394 2828 2456 fuit:

588 2497 626 2540 -‘
653 2490 790 2552 Non
823 2509 885 2551 se
914 2497 981 2549 ut
1009 2489 1287 2569 cuiquam
1335 2489 1714 2551 malefaceret
1752 2490 1999 2563 venisse,
2029 2489 2130 2551 sed
2173 2500 2236 2551 ut
2265 2513 2327 2552 se
2353 2492 2431 2552 ab
2461 2491 2827 2555 inimicorum

607 2586 774 2648 malis
802 2595 982 2666 atque
1019 2586 1247 2663 injuriis
1276 2595 1551 2659 tueretur,
1582 2607 1655 2646 ac
1696 2586 1963 2651 tribunos
1991 2588 2178 2668 plebis
2204 2590 2292 2649 sui
2333 2591 2470 2650 odio
2497 2590 2556 2650 in
2586 2592 2828 2652 exilium

583 2694 792 2755 actos,
807 2683 866 2743 in
894 2703 1061 2743 suam
1078 2693 1389 2763 reponeret
1408 2683 1791 2762 dignitatem:
1829 2685 2077 2764 ‹knique
2100 2696 2165 2746 ut
2183 2687 2430 2767 seipsum
2454 2707 2526 2748 ac
2539 2690 2827 2768 populum

590 2781 934 2849 ‚Romanum
983 2783 1218 2842 servitio
1263 2791 1322 2841 et
1367 2801 1693 2861 paucorum
1737 2783 2044 2863 tyrannide
2086 2784 2520 2859 conculcatum,
2561 2787 2827 2867 antiquat

604 2878 879 2940 redderet
898 2879 1156 2940 libertati
1181 2881 1217 2940 :’
1243 2878 1424 2959 opido
1455 2889 1600 2940 tunc
1627 2890 1874 2959 praeerat
1901 2881 1971 2941 L.
1992 2880 2287 2941 Domitius
2311 2881 2397 2941 vir
2412 2881 2607 2961 magni
2624 2883 2824 2957 animi,

588 2975 714 3035 2sed
743 2976 973 3055 exiguae
1016 2976 1292 3051 sortunae,
1322 2987 1381 3037 et
1430 2978 1584 3038 bello
1631 2989 1963 3059 promptus,
2010 2980 2111 3039 sed
2158 2978 2485 3039 infaustus:
2541 2980 2588 3040 is
2627 2980 2829 3042 desen-

608 3071 833 3132 sionem
861 3092 1094 3153 parans,
1124 3075 1227 3135 sed
1271 3076 1348 3135 ab
1378 3075 1652 3154 opidanis
1697 3075 1776 3135 ad
1821 3075 2178 3136 deditionem
2221 3086 2480 3148 coactuS,
2511 3097 2650 3138 cum
2677 3079 2827 3139 mori

607 3170 829 3243 mallet,
859 3190 897 3230 a
932 3189 1038 3231 sno
1067 3171 1296 3232 medico
1325 3192 1608 3235 venenum
1657 3171 1947 3252 poposcit,
1981 3173 2146 3250 quod
2172 3173 2266 3231 ille
2315 3192 2421 3232 nec
2459 3172 2595 3233 dare
2625 3174 2824 3235 volens

585 3286 714 3327 nec
743 3286 956 3346 negare
983 3288 1174 3342 ausus,
1206 3271 1393 3349 utqui
1422 3270 1647 3332 domini
1674 3291 1864 3331 mores
1891 3280 2111 3342 nosset,
2143 3270 2420 3348 poculum
2451 3270 2823 3334 somniferam

603 3383 715 3443 pro
741 3385 967 3426 veneno
1007 3366 1260 3427 obtulit:
1319 3388 1438 3446 quo
1487 3369 1587 3428 ille
1630 3369 1861 3441 hausto,
1890 3369 2052 3446 gravi
2099 3387 2312 3446 sopore
2353 3369 2656 3431 resolutus.
2684 3390 2827 3430 con·

607 3461 872 3542 quievit:
929 3474 1301 3542 experrectus
1346 3465 1727 3543 postmodum
1760 3475 1822 3526 et
1858 3466 2126 3526 delusum
2154 3465 2474 3543 intelligens
2499 3485 2579 3536 se,
2609 3467 2825 3546 vixque

604 3578 641 3620 a
668 3579 777 3620 sno
793 3557 1052 3621 ⁶0manns
1078 3561 1396 3634 abstinens,
1411 3584 1547 3622 cum
1579 3565 1776 3624 multis
1794 3564 2091 3626 nobilibus
2111 3563 2214 3643 qui
2242 3584 2442 3623 secum
2471 3563 2822 3638 sentiebant,

605 3656 840 3717 vinctus
897 3658 975 3718 ad
1033 3661 1317 3719 Caesarem
1375 3669 1465 3720 est
1515 3660 1858 3739 perductus,
1917 3662 2063 3721 mori
2107 3670 2412 3739 appetens,
2469 3671 2530 3721 et
2575 3680 2821 3740 perosus

605 3753 822 3816 vitamt
864 3776 1038 3834 quem
1069 3758 1271 3817 Caesar
1299 3756 1459 3816 illico
1486 3758 1629 3817 solvi
1649 3758 1858 3835 jussit3
1910 3777 2056 3819 neve
2086 3758 2217 3837 quis
2244 3778 2448 3816 eorum
2478 3778 2513 3817 a
2542 3758 2823 3820 militibus

582 3868 668 3912 -re
698 3852 790 3911 vel
817 3853 1007 3912 verbis
1038 3852 1438 3914 offenderetur
1480 3854 1767 3916 inhibuit:
1826 3865 2065 3934 questus
2115 3856 2474 3933 perbreviter
2500 3855 2663 3934 qnod
2711 3876 2822 3935 pro

609 3947 731 4007 suis
759 3949 1090 4027 ingentibus
1132 3962 1191 4011 et
1219 3951 1277 4010 in
1320 3952 1447 4013 illos
1490 3963 1550 4013 et
1597 3954 1656 4013 in
1700 3954 2121 4033 rempublicam
2151 3952 2420 4013 ⁶¹referre
2453 3951 2668 4013 meritis
2708 3952 2820 4013 sibi

606 4042 865 4104 debitam
895 4047 1140 4125 gratiam
1193 4048 1598 4126 neglexissent,
1629 4059 1691 4110 et
1747 4050 1986 4129 injurias
2015 4059 2075 4111 et
2112 4049 2491 4110 contumelias
2535 4049 2819 4110 indebitas

669 4178 735 4223 57
749 4173 927 4237 Forte,
938 4159 1540 4240 profectussabrum.—58
1558 4176 1734 4242 Adde,
1747 4174 2049 4233 mitum—69
2060 4179 2220 4244 Lege,
2234 4178 2636 4231 fiscorum—60
2650 4176 2820 4229 Credo

609 4252 806 4322 deesse,
829 4256 1152 4307 maiomam
1177 4256 1341 4321 Lege,
1362 4257 1548 4308 mefitis
1568 4256 1767 4320 referre.
