3117 5025
609 394 786 465 2028
1320 406 1637 457 No'rvrm
1688 403 2111 461 mumma,

617 553 782 617 ridus
810 553 1067 615 Sabinus
1097 560 1213 613 tres
1252 552 1328 613 de
1370 550 1525 613 bello
1571 549 1745 611 Civili
1792 549 1973 610 libros
2021 547 2239 608 Caesari
2286 544 2603 625 abjudicat
2644 544 2744 605 lib.
2774 559 2817 605 1.

614 651 1070 732 Subsecivarum
1099 650 1443 711 Lectionum
1472 669 1607 728 cap.
1635 658 1694 710 3.
1725 659 1784 707 et
1814 646 2078 726 inprimis
2106 645 2145 705 l.
2177 663 2254 709 ιι.
2284 666 2339 706 c.
2362 656 2421 707 2.
2506 646 2696 703 Immo
2716 642 2822 702 Lu·
2868 634 2875 641 ⁰

613 750 861 813 dovicus
888 750 1089 811 Carrio
1131 770 1206 810 ne
1248 749 1487 829 quidem
1518 765 1645 809 vu.
1674 748 1855 809 libros
1878 746 1953 806 de
1984 748 2137 806 bello
2166 746 2399 807 Gallico
2428 743 2677 806 Caesaris
2702 759 2822 802 esse

613 856 805 928 putat.
906 848 1007 907 Uti
1062 868 1169 906 nec
1225 847 1562 908 Ludovicus
1611 846 1955 917 Caduccus,
2013 844 2116 922 qui
2163 849 2251 921 (ut
2297 845 2514 905 Savaro
2562 839 2826 922 prodidit

611 947 764 1008 notis
792 945 851 1035 iu
883 945 1375 1023 Sidon.1x.14.)
1416 966 1566 1027 opus
1585 944 1727 1006 illud
1759 943 2023 1005 Suetonii
2051 962 2180 1003 esse
2209 944 2494 1021 putabat;
2539 938 2721 1021 idque
2750 936 2823 995 ob

615 1034 830 1104 verba‘
816 1053 928 1103 ista
958 1042 1152 1103 Orosii
1179 1057 1276 1102 vl.
1308 1049 1412 1111 7.‘
1444 1040 1618 1103 Hanc
1649 1041 1753 1120 [de
1777 1038 2024 1101 Caesaris
2052 1038 2210 1099 bello
2238 1034 2500 1113 Gallico]
2530 1034 2823 1096 historiam

615 1120 931 1202 Suetonius
957 1139 1344 1220 Tranquillus
1366 1139 1701 1219 plenissime
1726 1138 2039 1218 exposuit;
2085 1136 2256 1215 cujus
2284 1156 2392 1195 nos
2422 1142 2823 1243 competentes

610 1238 1014 1319 portiunculas
1044 1237 1481 1316 decerpsimus!
1560 1237 1679 1299 Sed
1725 1237 1855 1318 quis
1886 1256 2005 1296 non
2032 1235 2269 1296 credere
2294 1232 2495 1293 malit
2479 1231 2590 1313 ipsi
2620 1232 2825 1291 Sueto·

611 1335 712 1395 nio
755 1334 1129 1414 Tranquillo,
1159 1335 1262 1415 qui
1303 1335 1575 1411 aliena-a
1622 1336 1913 1416 germanis
1947 1334 2079 1410 jam
2137 1332 2277 1391 olim
2328 1326 2647 1390 discrevit}
2728 1325 2823 1387 Sic

609 1430 763 1492 euim
795 1433 997 1493 scribit
1037 1432 1099 1492 in
1125 1433 1160 1493 J
1166 1432 1284 1493 ulio
1309 1452 1444 1514 cap.
1476 1431 1575 1494 56.
1631 1440 1649 1468 ‘
1672 1432 1930 1511 Reliquit
1959 1438 2019 1490 et
2047 1448 2237 1489 rerum
2267 1444 2502 1487 suarum
2532 1443 2823 1484 commen-

612 1529 809 1599 tarios,
844 1529 1085 1602 Gallici,
1114 1529 1435 1610 civilisque
1463 1530 1604 1592 belli
1630 1529 1991 1612 Pompeiani.
2049 1529 2206 1593 Nam
2236 1521 2643 1594 Alexandrini,
2674 1519 2821 1580 Afri-

611 1625 807 1708 cique,
847 1635 910 1686 et
953 1626 1372 1706 Hispaniensis,
1425 1628 1686 1690 incertus
1738 1637 1946 1688 auctor
1985 1635 2097 1688 est.
2205 1622 2324 1685 Alii
2370 1620 2524 1681 enim
2566 1619 2821 1698 Oppium

615 1731 862 1804 putant3
924 1725 1021 1784 alii
1051 1725 1325 1798 Hirtium,
1349 1726 1451 1804 qui
1478 1727 1654 1788 etiam
1684 1726 1899 1787 Gallici
1930 1724 2070 1785 belli
2111 1721 2494 1782 novissimum
2525 1715 2825 1799 imperfec-

613 1833 862 1901 tumque
906 1823 1124 1883 librum
1154 1822 1484 1902 supplevit:
1552 1824 1729 1893 Quod
1760 1824 1809 1883 si
1853 1822 1985 1903 quis
2019 1839 2135 1881 uon
2181 1818 2352 1879 audit
2380 1813 2823 1892 Tranquillum:

610 1928 674 1979 at
700 1919 903 1980 Tullio
949 1919 1169 1990 credat,
1216 1920 1550 2000 Hirtioque,
1598 1941 1849 2000 quorum
1894 1920 2076 1980 verba
2115 1914 2497 1996 Tranquillus
2549 1911 2826 1972 continuo

612 2017 940 2096 subjungit.
1000 2017 1201 2079 Fidem
1231 2019 1368 2079 item
1398 2018 1614 2079 habeat
1641 2017 1943 2094 Straboni,
1975 2017 2079 2096 qui
2112 2015 2274 2075 initio
2295 2012 2430 2073 libri
2455 2028 2547 2072 ιν.
2577 2010 2831 2071 advocat

607 2116 989 2194 ὑπομνήματα
1023 2118 1177 2176 θείου
1203 2117 1514 2194 Καίσαρος,
1542 2116 1583 2177 i.
1606 2136 1660 2177 e.
1711 2110 2164 2176 Commentarios
2194 2112 2317 2175 divi
2346 2108 2623 2172 Caesart‘s.
2684 2110 2824 2168 Item

611 2210 953 2292 Plutarclio,
1001 2214 1261 2292 quando,
1302 2234 1438 2293 quae
1481 2234 1553 2287 er}
1598 2213 1848 2274 Caesaris
1878 2213 1951 2272 de
1995 2210 2150 2283 bello
2178 2207 2353 2271 Civili
2396 2204 2827 2283 commentariis

611 2307 782 2379 citat‚·
806 2328 875 2368 ea
903 2304 1202 2388 hodieque
1249 2311 1332 2371 ibi
1375 2293 1669 2391 leguntur.
1749 2310 1845 2373 Ad
1882 2296 2026 2369 'haec
2057 2304 2352 2377 veteribus
2381 2303 2582 2365 credat
2623 2304 2833 2364 Gram-

611 2405 865 2477 maticis,
895 2405 1101 2485 quiex
1130 2408 1556 2468 commentariis
1603 2408 1725 2468 istis
1748 2427 1882 2487 quae
1923 2405 2252 2478 adducunt,
2284 2403 2503 2465 Caesari
2544 2400 2830 2477 tribuunt,

610 2523 729 2564 non
757 2502 943 2564 alteri.
1032 2505 1230 2575 Quare
1258 2526 1294 2566 a
1321 2504 1607 2566 Carrione.
1631 2503 1867 2584 quidem
1897 2502 2105 2565 merito
2131 2500 2401 2562 dissentit
2422 2498 2662 2582 Lipsius
2684 2499 2831 2578 libro

611 2600 801 2688 Epist.
857 2602 1182 2671 Quaestion.
1240 2620 1321 2664 11.
1372 2614 1430 2667 2.
1476 2612 1539 2664 et
1578 2602 1820 2662 Modius
1864 2602 1923 2661 in
1968 2600 2361 2685 Novantiquis
2404 2600 2578 2679 epist.
2610 2606 2751 2664 30.:
2799 2618 2833 2659 a

616 2697 835 2760 Sabino
864 2712 1057 2761 autem
1088 2703 1383 2781 discrepat
1427 2702 1789 2763 Camerarius
1817 2700 1983 2764 initio
2013 2699 2346 2780 Notarum
2329 2719 2387 2758 ιιι
2430 2714 2540 2759 111.
2569 2698 2649 2761 de
2676 2697 2837 2790 bello

617 2795 827 2859 Civili.
858 2795 1036 2859 Haec
1034 2820 1106 2859 eo
1149 2797 1308 2871 dico,
1337 2819 1411 2859 ne
1441 2797 1753 2870 Carrionis,
1785 2807 1887 2858 aut
1933 2771 2175 2870 Floridi,
2210 2805 2314 2857 aut
2361 2796 2594 2860 alterius
2634 2798 2833 2876 cujus-

617 2915 797 2978 quam
837 2896 1131 2974 judicium
1174 2897 1250 2956 ab
1291 2897 1544 2957 lectione
1605 2895 2170 2957 Commentariorum
2220 2894 2469 2955 Caesaris
2517 2894 2837 2972 absterreat

605 2987 1024 3071 jubentut'em:
1071 3013 1226 3073 quae,
1255 2994 1406 3073 proh
1454 2993 1668 3054 dolor!
1727 2992 1869 3054 satis
1897 2992 2233 3071 infrequens
2262 2992 2439 3054 estin
2475 2991 2833 3076 nobilissimo

609 3096 796 3176 itque
845 3091 997 3150 adeo
1047 3089 1245 3149 divino
1277 3092 1392 3151 hoc
1438 3091 1747 3170 scriptore.
1834 3091 1957 3149 Aut
1999 3088 2289 3170 siquibus
2331 3089 2388 3147 in
2436 3088 2712 3150 manibus
2739 3089 2832 3160 sit,

619 3183 776 3260 haud
807 3186 923 3245 alio
954 3186 1154 3266 legunt
1182 3185 1319 3260 fine,
1352 3207 1530 3267 quam
1555 3187 1637 3246 ob
1656 3186 1925 3247 eximiam
1949 3189 2235 3270 Romanae
2264 3184 2477 3266 linguae
2497 3187 2835 3266 puritatem,

615 3283 1050 3373 verborumque
1107 3285 1519 3393 proprietatem
1573 3306 1900 3345 summam:
1970 3305 2147 3366 super
2200 3304 2319 3365 quo
2373 3294 2509 3348 ante
2563 3304 2672 3344 nos
2716 3303 2835 3346 non

616 3381 794 3442 semel
824 3379 1038 3448 summi
1068 3381 1172 3439 viri
1202 3392 1337 3443 sunt
1362 3385 1711 3466 conquesti
1779 3385 1935 3444 Sane
1962 3404 2036 3444 ex
2085 3404 2158 3443 eo
2184 3381 2415 3444 haurire
2445 3389 2534 3442 est
2568 3383 2837 3444 maxima-

606 3497 745 3561 ⁴nsum
773 3487 836 3538 et
865 3477 1292 3540 utilissimarum
1321 3500 1514 3540 rerum
1545 3481 1823 3562 copiam:
1882 3500 2059 3562 quam
2085 3480 2187 3559 qui
2220 3481 2529 3541 verborum
2550 3479 2836 3562 elegantia

614 3575 878 3638 contenti
909 3577 1234 3658 negligunt,
1269 3579 1458 3638 minus
1487 3579 1660 3639 etiam
1687 3581 1884 3682 pueris
1913 3579 2173 3660 sapiunt
2203 3579 2306 3659 qui
2336 3598 2639 3659 nunquam
2669 3581 2751 3640 ita
2776 3600 2834 3646 se

612 3675 835 3754 arboris
862 3675 1170 3735 frondibus
1199 3671 1605 3752 oblectabunt‚
1639 3687 1703 3737 ut
1716 3677 1987 3758 egregios
2014 3677 2144 3755 ejus
2172 3675 2400 3744 fructus
2429 3685 2833 3740 contemnant.

611 3771 792 3863 Quod
843 3773 890 3833 si
942 3775 1084 3858 quid
1129 3773 1184 3833 in
1236 3773 1600 3836 nobilissimo
1644 3777 1928 3856 scriptore
1972 3772 2333 3860 culpandum
2385 3773 2678 3852 videatur,
2722 3776 2837 3857 boc

613 3891 795 3938 unum
826 3871 963 3932 illud
997 3871 1190 3946 fucrit,
1221 3872 1432 3954 quod‘
1416 3892 1475 3933 ιιι
1505 3873 1593 3952 iis,
1625 3894 1761 3952 quae
1779 3873 1916 3951 jure
1944 3872 2169 3952 optimo
2199 3883 2553 3954 verterentur
2582 3873 2639 3932 ei
2669 3871 2837 3958 vitio,

619 3969 1070 4060 Harpocratem.
1093 3978 1228 4054 agat
1285 3970 1374 4030 vel
1423 3970 1790 4050 Sigaleonem
1835 3970 2223 4056 AEgyptium.
2280 3969 2374 4032 Ita
2427 3971 2483 4058 ip
2532 3969 2713 4032 tertio
2748 3968 2840 4056 de

619 4045 773 4156 bello
794 4066 966 4127 Civili
996 4067 1554 4152 (quemadmodum
1551 4082 1611 4128 et
1614 4068 1799 4152 apud
1832 4069 2112 4156 Hirtium)
2130 4068 2311 4130 altum
2342 4069 2417 4127 de
2437 4089 2509 4128 eo
2532 4068 2837 4154 ‘silentium

612 4169 723 4261 est,
756 4166 915 4252 quod
950 4165 1188 4225 Caesar
1173 4185 1232 4224 ιιι
1262 4167 1406 4227 urbe
1445 4145 1843 4233 Alexandrina
1866 4151 2151 4229 adversus
2168 4167 2335 4262 ⁸cives
2356 4185 2669 4254 pugnans..
2686 4176 2751 4228 ut
2775 4185 2837 4228 se

614 4249 897 4352 tueretur,
941 4259 1022 4362 in
1040 4281 1221 4328 naves
1258 4263 1511 4378 jusserit
1539 4261 1743 4352 ignem
1774 4247 2053 4354 immitti,
2097 4285 2216 4356 qua
2252 4263 2486 4329 flamma
2511 4271 2575 4328 et
2612 4262 2838 4328 navalia
