3117 5025
615 368 793 439 2⁰⁰0
1355 387 1683 436 Josm’m·
1719 386 2123 437 scAmcnm

630 535 1104 601 Constantinus
1135 533 1428 620 Magnus
1471 535 1788 601 institutis
1818 540 2105 619 quatuor
2130 532 2470 621 praefectis
2506 534 2833 621 praetorio,

621 638 888 704 duobus
945 641 1020 705 in
1075 638 1365 719 Oriente,
1425 639 1697 706 totidem
1755 640 1821 706 in
1873 637 2259 717 Occidente,
2312 639 2585 704 alterum
2644 638 2837 707 Occi-

624 743 838 809 dentis
867 745 935 809 in
975 745 1138 809 urbe
1169 744 1416 823 Roma,
1446 745 1721 809 alterum
1752 744 1821 808 in
1850 744 2011 807 urbe
2038 742 2435 807 Treverensi
2464 742 2839 822 collocavit,

624 851 740 933 qui
787 849 1143 935 praefectus
1189 851 1507 936 praetorio
1552 848 1926 916 Galliarum
1980 858 2261 917 vocatus
2314 851 2465 918 fuit.
2554 851 2645 917 Et
2687 852 2842 938 quia

622 974 744 1040 per
772 955 1248 1039 occupationes
1294 951 1568 1038 Imperii
1618 956 1688 1019 in
1725 956 1859 1021 illis
1908 956 2186 1021 urbibus
2232 961 2557 1041 perpetuo
2597 956 2842 1022 11aeoeoe

493 1079 514 1099 ·
623 1057 760 1124 illis
790 1077 924 1124 non
951 1057 1222 1137 licebat,
1253 1058 1490 1123 vicarii
1520 1058 1777 1144 aliquot
1804 1061 1906 1124 eis
1937 1060 2233 1126 attributi
2266 1066 2441 1138 sunt,
2472 1059 2588 1143 qui
2616 1058 2841 1123 eaden

623 1167 954 1246 potestate
980 1162 1345 1246 provinciis
1363 1160 1483 1245 jus
1525 1162 1893 1228 redderent.
1961 1161 2294 1228 Praesecto
2319 1163 2520 1245 igitur
2547 1160 2841 1245 praetorii

625 1265 998 1331 Galliarum
1053 1270 1188 1330 tres
1243 1266 1484 1330 vicarii
1521 1265 1684 1331 dati.
1772 1266 2002 1331 Primo
2050 1266 2249 1331 sedes
2298 1267 2459 1330 data
2512 1263 2841 1342 TreveriS,

623 1367 915 1433 secundo
946 1366 1279 1451 Lugduni,
1307 1368 1501 1433 tertio
1527 1366 1841 1435 Viennae.
1930 1367 2168 1453 Itaque
2197 1376 2274 1435 ut
2301 1369 2535 1434 horum
2561 1369 2842 1435 vicario-

621 1492 768 1538 rum
809 1491 1054 1555 magna
1093 1478 1240 1537 erat
1281 1474 1664 1552 auctoritaS,
1707 1474 1804 1539 ita
1846 1474 2109 1538 urbium
2154 1492 2444 1558 quoque,
2486 1473 2557 1536 in
2601 1474 2840 1557 quibus

533 1650 542 1659 ,
626 1575 851 1663 sedem
873 1576 1233 1653 habebant,
1261 1576 1558 1640 maxima
1584 1574 1881 1641 claritas.
1967 1573 2359 1640 Treverensi
2384 1575 2638 1640 vicario
2658 1596 2841 1661 pare·

623 1680 791 1745 bant
829 1680 1066 1763 primae
1124 1685 1192 1744 et
1230 1679 1548 1744 secundae
1582 1678 1948 1745 Germania
1988 1685 2057 1743 et
2082 1678 2383 1762 Belgica,
2413 1685 2479 1744 et
2514 1668 2659 1746 tota
2700 1680 2845 1744 Bri·

624 1783 850 1848 tannia
883 1782 1124 1847 insula.
1215 1779 1669 1864 Lugdunensi,
1698 1789 1980 1867 quatuor
2004 1780 2503 1866 Lugdunenses,
2528 1801 2683 1846 cum
2710 1802 2843 1848 ma·

623 1884 816 1949 xima
840 1882 1327 1968 Sequanorum.
1369 1882 1731 1948 Viennensi
1761 1884 1997 1968 primae
2019 1890 2087 1949 et
2114 1884 2424 1951 secunda}
2459 1883 2846 1950 Narbonen-

628 1987 726 2051 sis
774 1990 841 2050 et
868 1983 1257 2069 Aquitania,
1323 1984 1541 2069 Alpes
1589 1985 1821 2051 Graiae
1866 1993 1934 2052 et
1980 1986 2312 2066 Poeuinae,
2347 1985 2557 2072 Alpes
2597 1988 2848 2053 mariti-

627 2109 784 2166 mae,
813 2088 1471 2173 Novempopulania.
1558 2089 1808 2155 Totum
1852 2090 2003 2170 hoc,
2033 2090 2213 2175 quod
2250 2092 2447 2156 unius
2484 2092 2725 2157 vicarii
2742 2094 2851 2178 ju-

629 2193 998 2259 risdictioni
1043 2193 1372 2277 subjacet,
1425 2193 1650 2258 Latini
1696 2192 2038 2278 quomodo
2076 2195 2496 2280 designarint,
2542 2216 2678 2261 non
2719 2217 2850 2262 me·

628 2296 827 2362 mini:
874 2295 997 2360 sed
1025 2294 1253 2361 Graeci
1294 2295 1601 2383 ἔξαςχίαν,
1630 2296 1919 2377 διοίκησιν,
1959 2300 2205 2385 πατριὰν
2247 2288 2514 2365 vocant.
2580 2298 2852 2383 Regno·

629 2419 775 2466 rum
805 2400 988 2465 vices
1015 2397 1227 2464 multa
1255 2399 1325 2462 in
1351 2400 1478 2464 hac
1506 2398 1833 2465 divisione
1854 2401 2303 2479 immutarunt,
2334 2401 2454 2466 sed
2480 2406 2704 2468 status
2727 2403 2852 2469 Ec-

632 2503 1046 2570 clesiasticus
1075 2507 1213 2568 tam
1240 2503 1308 2567 in
1336 2499 1610 2567 Oriente
1650 2522 1851 2586 quam
1892 2503 1960 2567 in
2011 2502 2377 2569 Occidente
2423 2503 2570 2589 ejus
2597 2484 2853 2590 integra

630 2607 916 2690 vestigia
955 2606 1276 2671 hactenus
1318 2606 1604 2670 retinuit.
1692 2604 1873 2672 Nam
1920 2609 2246 2687 civitatee,
2277 2627 2430 2692 quae
2475 2606 2853 2675 Provinciis

631 2710 906 2775 nomina
933 2708 1248 2786 fecerunt,
1279 2705 1649 2793 μητροπόλεις
1687 2714 1969 2775 vocant:
2015 2716 2082 2776 et
2106 2711 2166 2774 si
2195 2711 2264 2774 in
2296 2711 2396 2776 eis
2434 2710 2636 2776 sedes
2666 2713 2857 2778 suerit

633 2812 894 2892 vicarii,
942 2831 1145 2896 quem
1188 2809 1432 2898 ἔξαρχον
1474 2811 1824 2890 vocabant,
1860 2831 1979 2877 eas
2020 2831 2151 2877 non
2198 2813 2411 2878 solum
2463 2812 2854 2900 μητροπόλεις,

632 2915 749 2981 sed
799 2923 868 2981 et
918 2914 1196 3004 ἓξαςχίας
1244 2921 1313 2980 et
1354 2910 1747 3000 τατριαρχίας
1788 2920 2076 2980 vocant:
2137 2920 2204 2980 et
2258 2915 2583 3001 praesules
2633 2937 2853 2983 earum

634 3013 911 3106 ἆξαῖρχους
942 3021 1040 3082 καὶ
1062 3016 1468 3106 πατριάρχαςε
1513 3018 1809 3102 reliquos
1848 3015 2290 3106 μητροπολίτας,
2335 3016 2432 3080 καὶ
2476 3019 2852 3104 mactanti-

633 3146 790 3201 τους,
820 3123 937 3206 qui
973 3124 1097 3186 sub
1129 3144 1203 3187 se
1229 3130 1482 3189 tantum
1514 3119 1846 3198 ἐπισκόπους
1875 3124 2154 3188 habent:
2197 3142 2352 3187 nam
2378 3125 2429 3184 οἶ
2460 3118 2702 3210 ἔξαρχοι
2732 3125 2852 3188 sub

635 3243 711 3288 se
757 3227 1002 3308 praeter
1051 3225 1410 3310 episcopos
1451 3224 1873 3312 μητροπολίτας
1919 3226 2184 3304 habent,
2227 3228 2639 3311 μητροπολῖτω
2698 3244 2852 3291 vero

634 3331 888 3392 tantum
916 3323 1264 3402 ὅτισκὸπους.
1352 3328 1431 3393 In
1475 3329 1785 3394 Ecclesia
1815 3329 2057 3395 Latina
2085 3327 2763 3414 Archiepiscoporum
2793 3332 2854 3393 et

633 3448 871 3493 nomen
898 3434 968 3493 et
980 3430 1097 3515 jus
1132 3437 1375 3508 manet,
1421 3438 1490 3497 et
1507 3431 1888 3516 jurisdictio
1919 3431 2259 3497 Canonica
2296 3432 2362 3495 in
2402 3450 2565 3495 suos
2591 3433 2851 3516 episco-

634 3550 761 3616 pos
790 3530 1255 3614 suffraganeos,
1285 3534 1403 3598 sed
1428 3532 1690 3622 ἐξάρχων
1709 3534 1888 3598 nulla
1913 3534 2199 3619 vestigia
2225 3539 2497 3598 extant:
2538 3533 2671 3597 nisi
2689 3533 2852 3598 sorte

635 3631 946 3718 quaedam
975 3637 1212 3700 umbra
1239 3637 1388 3722 ejus
1417 3637 1641 3716 fuerit,
1680 3637 1859 3722 quod
1899 3637 2321 3722 metropolita
2348 3637 2491 3701 sive
2529 3635 2851 3722 archiepi-

635 3755 886 3821 scopus
917 3735 1303 3802 Viennensis
1332 3740 1682 3822 primatem
1710 3741 2067 3823 primatum
2099 3759 2248 3805 sese
2272 3745 2490 3805 vocat.
2561 3737 2656 3803 Eo
2679 3739 2847 3804 enim

636 3838 928 3905 ostendit
945 3842 1070 3905 sub
1097 3863 1169 3905 se
1194 3843 1510 3925 primates
1538 3842 1875 3921 habuisse,
1900 3844 2017 3929 qui
2045 3844 2168 3908 sub
2196 3862 2279 3908 eo
2307 3847 2551 3920 essent,
2584 3841 2848 3906 Narbo-

635 3960 902 4006 nensem
932 3942 1283 4025 primatem
1315 3944 1723 4024 Provinciae,
1754 3947 2236 4013 Bituricensem
2261 3947 2609 4031 primatem
2646 3943 2852 4029 Aqui-

635 4044 861 4109 taniae.
950 4043 1165 4109 Aliter
1192 4046 1524 4130 quomodo
1552 4053 1673 4112 aut
1693 4069 1828 4131 quo
1846 4051 1997 4135 jure
2021 4051 2268 4133 primas
2289 4048 2644 4132 primatum
2675 4048 2851 4112 dice·

635 4153 830 4224 retur,
891 4146 1022 4211 nisi
1064 4150 1316 4213 ratione
1365 4148 1741 4215 dioeceseos
1786 4149 2043 4218 Vicarii
2085 4150 2491 4216 Viennensis
2547 4149 2849 4234 praefecti

637 4249 970 4334 praetorio‚
997 4252 1113 4335 qui
1155 4258 1407 4337 septem
1449 4253 1836 4339 provincias
1880 4254 2007 4320 sub
2050 4273 2126 4322 se
2168 4253 2477 4332 habebat,
2515 4253 2584 4317 in
2612 4253 2850 4337 quibus
