3117 5025
914 418 1012 466 nn
1058 416 1238 466 vrrs
1282 417 1497 481 sumi,
1535 417 1891 478 oAEsAms.
2292 403 2297 408 ’
2338 403 2513 470 1769

304 588 431 632 tum
458 569 747 648 impeturn
778 568 1071 643 sraenaret,
1100 589 1218 630 non
1247 577 1489 649 pontem
1518 569 1692 648 fregit
1721 578 1786 631 ut
1813 571 1974 651 prius
2004 570 2114 632 nisi
2141 573 2217 634 ab
2246 592 2317 633 ea
2344 583 2511 652 parte

304 688 418 745 qua
447 666 831 752 Germaniam
861 667 1259 746 contingebat.
1342 667 1450 728 Illa
1477 667 1716 747 quidem
1743 678 1909 747 parte
1936 677 2194 756 extrema
2222 669 2284 729 in
2312 669 2514 731 dexte·

306 784 429 827 ram
476 766 667 826 Rheni
712 767 898 846 ripam
942 764 1267 838 desinente,
1298 766 1689 827 ducentorum
1739 765 1958 844 pedum
2008 767 2202 847 spatio
2249 768 2511 840 rescissa,

308 863 451 925 turri
481 863 670 942 lignea
698 863 1172 943 superimposita,
1202 874 1264 924 et
1294 863 1657 924 multimodis
1703 865 2144 926 circumvallata
2185 866 2517 928 munitioni-

312 960 444 1031 bus,
489 960 811 1022 duodecim
841 961 1114 1022 cohortes
1140 960 1219 1022 nd
1248 961 1488 1022 tutelam
1525 962 1719 1040 pontis
1747 961 2048 1040 imposuit,
2089 972 2151 1026 et
2177 962 2515 1026 Vulcatium

308 1057 559 1118 Tullum
590 1059 680 1118 his
710 1059 1035 1138 praeposuit
1075 1069 1135 1119 et
1183 1058 1380 1138 pontis
1414 1067 1473 1118 et
1501 1057 1834 1118 cohortium
1873 1055 2083 1118 ⁸curam
2113 1058 2300 1119 dedit.
2381 1059 2519 1140 Ipse

307 1175 451 1216 vero
506 1154 791 1218 adversus
848 1157 1252 1237 Ambiorigem
1302 1155 1684 1236 proficiscens
1738 1177 1845 1236 per
1897 1156 2268 1216 Arduennam
2317 1158 2518 1219 silvam

308 1255 623 1318 niaximum
674 1255 933 1316 omniurn
977 1255 1326 1325 Galliarum,
1357 1275 1493 1334 quae
1542 1253 1694 1315 inter
1736 1253 2035 1325 Treviros,
2067 1255 2432 1336 Nerviosque
2461 1265 2521 1316 et

310 1351 578 1414 Rheunos
608 1354 939 1432 quingentis
971 1366 1027 1413 et
1057 1374 1129 1414 eo
1172 1354 1427 1433 amplius
1457 1353 1733 1433 passuum
1785 1352 2017 1412 milibus
2046 1352 2103 1411 in
2129 1353 2392 1431 longum,
2439 1354 2521 1414 ita

309 1449 467 1514 enim
496 1450 799 1529 proditum
828 1472 861 1510 a
890 1451 1278 1531 scriptoribus
1303 1471 1515 1523 rerum,
1564 1450 1620 1510 in
1650 1451 1833 1511 latum
1863 1471 2002 1511 vero
2029 1448 2197 1514 unius
2223 1461 2324 1513 aut
2350 1451 2522 1511 circi-

310 1556 400 1606 ter
423 1549 645 1608 aestivae
673 1549 824 1609 lucis
851 1551 1076 1623 itinere,
1120 1550 1279 1630 quod
1326 1570 1437 1629 ego
1479 1549 1608 1628 ipse
1653 1568 1784 1609 sum
1826 1567 2119 1628 emensnS,
2165 1549 2522 1609 extenditur.

308 1645 564 1706 Lucium
594 1646 929 1709 ⁸²Basilium
961 1667 1099 1708 cum
1126 1657 1256 1712 toto
1285 1648 1492 1728 praeire
1531 1647 1716 1727 jubet
1761 1646 2047 1726 equitatu,
2092 1655 2155 1706 et
2202 1665 2408 1710 cavere
2450 1666 2522 1708 ne

309 1742 473 1819 ignes
503 1745 562 1803 in
590 1745 800 1805 castris
830 1745 956 1807 fieri
982 1749 1150 1817 sinat,
1186 1746 1360 1826 [109]
1386 1765 1461 1808 ne
1490 1745 1649 1825 quod
1680 1743 1957 1803 iudicium
1987 1742 2072 1803 sui
2098 1743 2272 1804 detur
2298 1743 2521 1807 adven-

306 1850 431 1912 tus,
472 1861 593 1901 neu
638 1841 917 1921 strepitus
943 1854 1046 1903 eut
1076 1844 1363 1904 tumultus
1388 1841 1787 1904 incedentium
1816 1841 2119 1912 audiatur;
2165 1840 2212 1902 si
2240 1840 2395 1902 sorte
2425 1862 2522 1906 ve-

248 2013 255 2020 ,
306 1936 555 2000 incitate
584 1939 674 1999 vel
704 1940 936 2002 silentio
963 1938 1284 2019 proficeret
1307 1937 1383 2001 ad
1415 1939 1840 2019 iniquissimum
1871 1939 2159 2000 bominem
2189 1939 2525 2019 opprimen-

305 2034 458 2096 dnm
486 2056 503 2093 ι
575 2036 739 2115 quod
796 2057 947 2118 pene
1003 2038 1305 2099 successit.
1416 2038 1574 2098 Nam
1633 2036 1879 2098 Basilius
1933 2056 2181 2116 propere
2234 2057 2526 2117 supraque

306 2134 617 2212 ”longum
647 2134 757 2194 iter
784 2135 1110 2214 “sper-agat:
1152 2155 1409 2214 cumque
1440 2134 1676 2195 indiciis
1700 2137 2096 2214 comperisset,
2127 2135 2285 2196 haud
2318 2137 2525 2214 procul

304 2231 719 2312 Ambiorigem
770 2233 920 2293 iuter
964 2233 1162 2305 silvas,
1215 2233 1561 2294 comitatum
1608 2233 1982 2312 paucissimis
2009 2234 2304 2313 equitibus
2345 2255 2409 2293 se
2448 2247 2530 2294 te·

304 2348 481 2400 nere3
526 2329 875 2409 improvisus
906 2350 975 2390 ac
1004 2330 1201 2390 subito
1228 2330 1580 2409 ⁸⁵pervenit:
1623 2330 1703 2390 ita
1733 2341 1798 2389 ιιι
1825 2349 2048 2402 currus,
2074 2350 2260 2409 equos
2288 2343 2344 2390 et
2366 2351 2524 2391 arma

302 2427 464 2505 ejus,
483 2436 561 2487 ct
601 2447 776 2487 omne
826 2428 1097 2489 bellicum
1144 2428 1594 2489 instrumentum
1641 2428 1887 2489 Romani
1931 2429 2180 2507 equites,
2208 2439 2527 2508 antequam

304 2526 393 2587 ab
420 2546 497 2586 eo
544 2525 900 2599 viderentur,
930 2526 1268 2606 arriperent.
1352 2526 1445 2585 De
1473 2546 1595 2604 quo
1623 2526 1751 2606 ipso
1787 2537 1987 2588 aetum
2030 2538 2172 2600 erat,
2204 2527 2315 2588 nisi
2342 2525 2528 2609 ⁸⁶qui-

306 2624 450 2685 dem
482 2645 518 2683 e
555 2623 674 2683 suis
702 2623 846 2684 locis
872 2625 1170 2703 angustias
1198 2621 1614 2694 defendissent,
1645 2624 1766 2683 ”ut
1797 2623 1921 2703 ipse
1948 2626 2176 2685 interim
2207 2626 2378 2685 unius
2409 2645 2530 2686 ma-

308 2742 424 2783 nus
458 2721 696 2782 inermis
721 2740 880 2799 equo
925 2720 1252 2800 impositus,
1281 2730 1341 2779 et
1388 2720 1621 2807 postico
1669 2740 1996 2782 nemorosae
2024 2722 2238 2784 domus
2254 2723 2530 2809 emissus,

307 2841 423 2900 per
450 2820 729 2879 silvarum
774 2819 951 2879 devia
994 2830 1055 2880 et
1102 2819 1279 2879 calles
1321 2818 1556 2879 abditos
1599 2819 1910 2899 erupisset.
1993 2820 2090 2881 Sic
2122 2831 2431 2899 utramque
2472 2820 2532 2879 in

307 2930 549 3001 partem
579 2938 718 2998 erga
747 2938 928 2978 unum
957 2917 1253 2978 hominem
1283 2937 1398 2977 una
1424 2918 1570 2978 hora
1611 2918 1726 2979 vim
1776 2938 1939 2979 suam
1990 2920 2253 2980 exercuit
2279 2918 2529 2988 fortuna,

310 3028 379 3079 ιιι
407 3018 690 3077 incautus
718 3016 1168 3096 opprimeretur,
1197 3034 1517 3094 oppressus
1554 3016 1858 3076 evaderet:
1903 3035 2008 3076 nec
2052 3016 2192 3078 satis
2232 3018 2355 3077 scio
2404 3015 2536 3097 quis

306 3116 657 3178 nocentium
715 3134 979 3193 unquam
1034 3124 1151 3174 tam
1209 3114 1482 3194 indignus
1537 3114 1818 3175 evaserit:
1878 3115 1985 3175 nisi
2041 3114 2205 3194 quod
2263 3114 2536 3196 supplicii

308 3234 507 3295 genus
555 3212 670 3273 fuit
715 3213 922 3272 vicinae
969 3213 1171 3271 mortis
1203 3221 1410 3284 metus,
1440 3211 1540 3291 qui
1590 3221 1656 3272 ιιι
1703 3211 1848 3272 mibi
1875 3211 2114 3290 quidem
2145 3213 2378 3274 videtur
2415 3212 2538 3290 ipsa

308 3315 497 3393 pejor
524 3321 617 3373 est
646 3320 855 3371 morte.
944 3311 1020 3370 Et
1069 3309 1209 3388 quid
1258 3309 1494 3381 scimus,
1525 3328 1602 3369 an
1648 3307 1758 3368 sibi
1800 3308 2001 3370 fuisset
2045 3310 2244 3370 utilius
2284 3309 2360 3371 ud
2403 3310 2536 3371 irati

309 3413 459 3473 licet
489 3409 741 3472 Caesaris
771 3417 1121 3487 potestatem
1164 3406 1506 3485 perveniret
1546 3425 1681 3465 nam
1735 3416 1799 3465 ιιι
1846 3416 1970 3465 erat
2015 3406 2374 3469 inexhaustas
2423 3409 2539 3468 cle·

312 3510 581 3579 mentiae,
613 3506 933 3569 ⁸⁸confiteri
964 3506 1182 3566 crimen
1229 3514 1288 3564 et
1339 3505 1530 3565 oranti
1579 3503 1818 3564 forsitan
1851 3506 2073 3566 veniam
2107 3527 2221 3565 non
2250 3518 2537 3585 negasset.

309 3609 499 3669 Nunc
530 3626 638 3687 per
661 3606 833 3667 silvas
853 3605 1332 3665 Transrhenanas
1364 3623 1542 3682 vagus
1574 3622 1808 3682 semper
1833 3622 1905 3663 ac
1933 3603 2216 3684 profugus
2240 3605 2537 3683 perpetuis

312 3709 503 3769 vitam
537 3704 655 3784 egit
685 3706 743 3764 in
769 3702 1004 3763 latebris
1054 3700 1523 3761 ¹³⁹conscientinm
1574 3700 1755 3771 illuni,
1787 3701 1958 3779 siqua
1985 3713 2128 3771 erat,
2173 3713 2233 3761 et
2271 3703 2405 3780 jugi
2434 3721 2540 3781 pa-

312 3826 461 3867 vore
510 3802 939 3884 plectentibus.
1023 3799 1181 3860 lllud
1233 3799 1406 3877 plane
1453 3799 1748 3871 odiosum,
1801 3798 1964 3879 quod
2013 3797 2090 3858 de
2137 3818 2272 3877 rege
2320 3799 2540 3861 nefario

378 4059 451 4106 82
488 4053 658 4119 Lege,
696 4051 935 4115 Basilum,
971 4057 1027 4102 et
1062 4050 1135 4101 sic
1160 4057 1281 4115 post
1316 4050 1660 4101 Basilum-ss
1694 4048 1921 4111 Videtur
1944 4060 2008 4095 ex
2044 4045 2254 4095 Caesare
2287 4060 2540 4109 reponen-

312 4138 476 4187 dum:
513 4149 748 4200 arpi-eque
769 4134 978 4183 omnim
996 4134 1407 4197 opinionm.—8‹1
1438 4134 1598 4196 Lege,
1626 4130 1968 4196 peragit-85
2005 4129 2177 4190 Forte,
2193 4128 2546 4192 snper-tenir.—

312 4224 383 4272 86
417 4220 607 4282 Forte,
627 4217 821 4281 quidam
841 4231 867 4266 e
886 4216 985 4266 suis
1004 4216 1241 4267 tocie-87
1264 4217 1441 4278 Forte,
1460 4220 1515 4266 ut
1550 4215 1656 4279 ipsa
1694 4213 1890 4267 interm
1924 4211 2063 4268 unius
2098 4224 2240 4261 mu
2263 4209 2545 4261 inermis.—

308 4308 377 4352 88
402 4304 573 4366 Lege,
596 4298 996 4366 ‹sufflatio-St)
1028 4300 1191 4363 Lege,
1215 4298 1520 4348 concientia.
