3117 5025
964 375 1063 426 na
1112 374 1291 426 vim
1334 374 1542 426 sunu
1595 373 1956 430 casnm.
2381 364 2565 438 „loer

351 519 467 586 bus
495 520 772 583 Flandria
797 526 858 583 et
878 522 1199 584 Brabsntia
1225 532 1317 586 est
1343 533 1523 606 atque
1575 525 1951 597 ²⁸Pannonis,
1999 522 2384 614 pluriumque
2410 528 2564 603 alit,

237 689 249 696 ,
353 631 416 682 et
441 620 748 699 regionum
793 619 977 680 decus
1024 619 1421 700 adiacentium
1466 642 1504 683 a
1551 623 1762 684 Marco
1789 623 2054 704 Agrippa
2093 624 2407 703 postmodo
2434 625 2567 688 sun·

353 716 514 789 data,
542 728 605 779 et
624 717 950 788 conditoris
976 718 1067 778 sui
1094 738 1251 780 nunc
1275 719 1452 780 etiam
1482 740 1697 782 nomen
1725 741 1977 795 servans,
2007 720 2173 783 sedet
2207 722 2304 783 illa
2347 722 2563 786 nobilis

354 814 685 894 Agrippina
712 815 978 876 Colonia.
1062 817 1140 876 Et
1193 817 1298 876 hos
1323 817 1564 897 quidem
1592 819 1822 900 cunctis
1851 820 2176 880 Galliarum
2204 819 2411 882 incolis
2440 831 2564 884 tam

352 931 669 991 corporum
719 912 961 983 viribus,
1003 933 1179 992 quam
1238 935 1466 977 morum
1511 917 1877 997 experientia
1924 928 2104 997 atque
2145 920 2305 979 omni
2348 919 2563 981 bellica

353 1018 700 1088 praestantes
728 1010 1033 1084 industria,
1063 1021 1127 1072 et
1152 1012 1328 1074 fuisse
1354 1014 1497 1075 olim
1526 1015 1775 1095 legimns
1802 1025 1866 1075 et
1894 1033 2048 1075 nunc
2072 1015 2326 1077 scimus:
2368 1036 2441 1078 ea
2469 1037 2565 1079 ve-

350 1126 419 1168 ro
449 1115 576 1166 tota
600 1107 762 1167 natio
808 1107 1114 1186 paulatim,
1162 1129 1274 1170 nec
1322 1110 1511 1172 vetuit
1560 1112 1822 1184 Rhenus,
1865 1112 1924 1173 in
1973 1132 2184 1173 nomen
2227 1113 2563 1177 Germaniae

348 1203 1060 1284 linguamque-concessit,
1090 1216 1157 1268 ut
1193 1207 1321 1286 jam
1368 1228 1431 1269 se
1479 1210 1689 1271 Gallos
1736 1209 1855 1271 dici
1904 1208 2187 1282 nesciant,
2230 1210 2277 1270 si
2320 1210 2565 1274 audiant

351 1302 741 1381 indignentur.
827 1303 1023 1384 Belgis
1051 1306 1301 1384 proximi
1343 1307 1600 1369 Helvetii
1642 1308 1805 1369 fuere
1851 1307 1979 1387 pari
2025 1308 2456 1387 propemodum
2501 1319 2565 1372 et

352 1401 493 1462 belli
522 1402 707 1482 gloria
735 1410 797 1462 et
825 1403 1074 1466 virtute:
1112 1404 1320 1466 horum
1350 1403 1498 1467 fines
1524 1407 1604 1467 ab
1634 1425 1850 1467 occasu
1893 1405 2042 1466 Jura
2087 1425 2253 1466 mons
2282 1406 2562 1486 praealtus
2661 1461 2670 1475 ,

348 1517 383 1560 a
412 1499 703 1577 Sequanis
732 1498 1118 1571 discriminat,
1163 1521 1198 1561 a
1225 1502 1624 1581 septentrione
1651 1512 1847 1563 autem
1891 1503 2130 1564 Rhenus
2157 1503 2356 1564 adbuc
2385 1524 2562 1584 proxu-

348 1594 502 1658 imas
531 1595 681 1657 fonti
709 1617 746 1657 a
773 1598 1106 1667 Germanis,
1155 1599 1420 1676 quamvis
1466 1607 1530 1660 et
1567 1599 1608 1658 ii
1636 1619 1896 1678 quoque,
1947 1599 2440 1679 quemadmodum
2483 1602 2562 1663 de

352 1693 547 1774 Belgis
574 1694 850 1768 diximus,
899 1696 960 1756 in
1001 1697 1339 1758 Germanias
1387 1717 1601 1758 nomen
1630 1707 1894 1777 tempore
1923 1698 2160 1759 labente
2187 1698 2559 1761 transierint:

352 1800 531 1868 atque
558 1792 641 1852 ita
666 1792 883 1853 Galliae
909 1793 1314 1873 Transalpinae
1361 1814 1602 1873 magnas
1649 1804 1846 1874 partes
1889 1794 2000 1854 sibi
2029 1795 2347 1858 Germania
2373 1796 2564 1859 vindi·

351 1889 527 1950 cavit.
612 1889 780 1950 Sicut
806 1897 988 1949 totam
1019 1889 1377 1969 Cisalpinam
1420 1890 1533 1951 sibi
1580 1891 1917 1951 vendicavit
1946 1891 2151 1953 Italia:
2209 1892 2286 1952 ab
2334 1893 2559 1956 oriente

348 1996 544 2048 autem
595 1986 850 2048 claustra
897 1987 1137 2065 Alpium
1180 1987 1354 2067 ²⁹per
1394 1988 1696 2048 Helvetios
1735 1990 1816 2049 ab
1859 1987 2025 2048 Italia
2069 1999 2381 2051 secernunt
2397 1991 2563 2072 jugis

330 2085 515 2146 -aeriis
538 2095 601 2144 et
644 2087 696 2121 ³0
708 2104 864 2146 nunc
891 2093 1199 2163 perpetua:
1242 2105 1277 2145 a
1307 2086 1547 2146 meridie
1577 2087 1907 2146 Lemannus
1932 2085 2095 2147 lacus
2124 2098 2184 2148 et
2212 2087 2560 2162 Rhodanus,

350 2182 453 2262 qui
481 2183 674 2244 lacum
703 2181 1034 2254 intersecat,
1074 2184 1226 2244 inter
1267 2203 1371 2245 eos
1415 2194 1593 2263 atque
1622 2183 1951 2262 Alobroges
1976 2184 2140 2243 limes
2167 2194 2310 2246 erat.
2393 2186 2561 2255 Quo·

348 2300 475 2340 rum
504 2278 728 2351 finium,
759 2288 827 2341 ut
851 2279 1042 2342 Julius
1071 2280 1276 2343 Caesar
1300 2279 1568 2352 affirmat,
1598 2280 1761 2340 milia
1786 2299 2062 2359 passuum
2112 2279 2368 2342 ducenta
2416 2301 2563 2361 qua-

346 2377 656 2457 draginta;
698 2376 949 2438 latitudo
975 2387 1171 2437 autem
1203 2385 1441 2438 centum
1469 2377 1813 2456 octuaginta
1839 2376 2105 2456 patebat,
2133 2387 2194 2436 et
2222 2388 2418 2439 tamen
2448 2399 2562 2459 pro

348 2474 764 2537 numerositate
791 2474 1117 2547 hominurn,
1144 2493 1216 2535 ac
1240 2473 1525 2535 bellorum
1552 2473 1773 2544 studio,
1799 2459 2058 2554 angustis
2086 2473 2196 2534 sibi
2226 2475 2560 2538 carceribus

347 2573 780 2652 circumscripti
810 2582 869 2633 et
896 2573 1083 2633 clausi
1110 2571 1481 2632 videbantur.
1565 2573 1656 2631 Ex
1685 2570 1982 2651 praemiss-
2007 2571 2406 2649 descriptione
2447 2573 2558 2635 nisi

346 2670 521 2732 fallor
546 2682 733 2750 patet,
759 2673 968 2732 horum
996 2670 1055 2731 in
1085 2667 1301 2730 finibus
1331 2668 1530 2742 fuisse,
1561 2689 1716 2748 quos
1746 2667 2190 2747 Burgundiones
2225 2669 2304 2728 ab
2349 2670 2557 2750 Burgis

332 2768 531 2831 -modo
560 2768 827 2841 dicimus,
849 2750 1685 2847 admeridionalem'plagamt
1728 2765 1807 2827 ad
1852 2767 2194 2825 ³¹srchoam
2232 2785 2365 2827 vero
2395 2766 2553 2829 illam

328 2866 541 2929 -Rheni
568 2866 779 2944 ripam,
826 2866 926 2926 ubi
974 2864 1296 2944 Argentlna
1333 2884 1493 2924 nunc
1542 2873 1605 2923 et
1648 2863 1763 2923 illae
1813 2861 2042 2923 Basilea
2088 2870 2147 2920 et
2195 2862 2562 2925 constancia

343 2965 523 3027 urbes
548 2963 775 3025 sedent.
861 2964 961 3024 Cis
1008 2962 1367 3025 Rhodanum
1406 2962 1751 3041 Allobroges
1797 2972 2030 3021 tenuere
2074 2958 2284 3019 laevam
2332 2959 2558 3020 amnis:

342 3062 422 3124 ad
448 3062 638 3141 ripam
667 3081 940 3140 quorum,
970 3070 1036 3121 ut
1062 3060 1220 3121 idem
1246 3059 1440 3122 Julius
1485 3061 1688 3120 Cesar
1729 3067 2057 3139 extre—mum
2106 3054 2560 3136 proximumque

324 3159 635 3221 -Helvetiis
661 3158 942 3239 angulum
993 3159 1267 3218 ³²Genua
1304 3156 1441 3216 olim
1470 3155 1757 3237 oppidum
1788 3156 2045 3224 tenebat,
2081 3173 2237 3215 nunc
2265 3153 2561 3217 Gebenna

344 3255 555 3317 civitas
582 3265 744 3317 tenet
770 3255 981 3334 exigua
1008 3263 1070 3314 et
1098 3254 1359 3315 Lemano
1386 3252 1696 3315 imminens
1722 3261 1780 3312 et
1814 3249 2126 3322 Rhodano,
2173 3249 2303 3329 ipso
2351 3249 2436 3311 ibi
2481 3251 2557 3311 de

330 3351 483 3415 ,lacu
525 3351 777 3412 auctiori
817 3350 1077 3430 quidem,
1134 3368 1313 3428 quam
1359 3349 1691 3420 intraverat,
1740 3347 2087 3427 erunipenti.
2170 3346 2393 3406 ”Pono
2437 3346 2556 3407 illic

346 3447 506 3509 hand
539 3467 786 3527 magnus
814 3455 905 3507 est
932 3446 1130 3517 hodie,
1155 3446 1464 3525 fueratque
1510 3446 1652 3507 olim
1680 3448 1713 3508 J
1722 3444 1825 3506 ulii
1863 3444 2108 3506 Caesaris
2137 3451 2328 3514 astate,
2377 3441 2478 3522 qui
2520 3462 2556 3504 a

347 3544 793 3607 nmocivitatis
820 3543 1103 3622 incipiens
1146 3544 1202 3604 in
1249 3543 1464 3604 finibus
1516 3541 1918 3604 Helvetiorum
1963 3540 2197 3613 desinit,
2239 3539 2389 3601 adeo
2430 3540 2557 3599 nul·

346 3640 471 3703 lum
500 3640 770 3722 gentibus
798 3641 949 3702 inter
974 3662 1039 3701 se
1079 3662 1149 3701 ea
1190 3649 1539 3719 tempestate
1580 3640 1948 3701 discordibus
1994 3639 2103 3698 nisi
2153 3636 2347 3698 adhuc
2391 3632 2556 3716 parvi

338 3737 607 3801 fluminis
658 3739 895 3803 obicem
964 3739 1249 3800 “naturae
1304 3748 1617 3818 posuerat:
1690 3737 1794 3799 sed
1850 3738 1962 3798 hue
2017 3745 2226 3815 postea
2278 3742 2557 3793 revertar.

348 3837 530 3898 Nunc
558 3838 1012 3917 descriptionem
1061 3846 1317 3916 coeptam
1368 3835 1575 3914 paneis
1617 3834 1888 3914 expedio.
1935 3833 2155 3912 Igitur
2173 3831 2249 3891 ad
2279 3828 2557 3891 occiden-

411 4038 479 4085 28
514 4035 674 4098 Lege,
694 4035 1102 4085 Eume-29
1133 4032 1429 4084 Delendnm
1466 4031 1596 4082 illud
1615 3986 1849 4096 peri—8⁰
1882 4030 2058 4091 Forte,
2078 4026 2221 4078 tectis
2254 4025 2363 4087 nise
2391 4038 2558 4089 perpe.

348 4121 576 4169 tun—³1
611 4116 773 4179 Lego,
807 4119 1166 4165 retourne—32
1203 4114 1441 4164 Gebem
1478 4112 1638 4162 etiam
1660 4111 1797 4163 infra
1837 4110 2071 4160 nominat
2103 4115 2286 4159 auctor
2314 4107 2448 4156 hanc
2485 4103 2557 4154 ci-

350 4195 588 4259 vitatem,
627 4212 779 4263 quam
821 4204 992 4247 tamen
1016 4196 1190 4247 Caessr
1232 4209 1435 4260 semper
1467 4193 1707 4244 Gen-eum
1728 4192 2106 4258 appellate-88
2141 4189 2302 4253 Lege,
2343 4186 2557 4235 Pons.—

348 4283 416 4329 u
450 4281 609 4345 Lege,
647 4285 843 4339 natura.

380 4414 389 4425 ,
480 4361 734 4427 Delphet
766 4361 881 4413 Ver.
906 4361 1033 4414 Clas.
1447 4361 1575 4410 Caes.
2315 4354 2347 4399 5
2377 4346 2427 4398 P
