3117 5025
644 421 820 492 18⁰4
1293 439 1355 488 J.
1399 437 1605 487 cnnsl
1663 434 2198 487 commm'rntn

644 608 937 667 egressum
958 588 1100 660 viaeg
1130 588 1291 669 quod
1320 589 1379 648 in
1409 588 1614 650 castris
1641 598 1820 667 atque
1843 588 1901 647 in
1925 587 2071 648 nrbe'
2089 606 2284 648 rernm
2313 587 2575 648 omnium
2601 591 2849 669 penuria

646 685 848 764 ingens
874 697 1019 759 erat,
1047 706 1087 746 a
1125 707 1191 747 se
1233 687 1561 767 equitatum
1591 705 1819 746 omnem
1869 684 2166 745 obsidioni
2219 701 2450 764 gravem
2493 693 2558 745 et
2589 685 2855 748 inutilem

647 783 923 845 abdicare
968 784 1276 863 disposuit.
1379 784 1615 854 Quibus
1661 782 1900 843 tandem
1961 781 2188 842 silentio
2234 782 2424 843 noctis
2474 783 2855 857 abeuntibus,

648 881 825 942 anxia
848 892 1027 960 atque
1054 882 1306 942 sollicita
1347 902 1489 944 cura
1513 883 1780 961 imperat,
1813 888 1830 913 ‘
1858 891 1923 938 ut
1953 880 2129 939 urbes
2158 869 2552 950 suns-adeant,
2570 889 2633 940 et
2652 901 2857 961 prose

646 979 902 1058 quisque
928 1000 1068 1040 suos
1096 980 1377 1053 hortetur,
1410 991 1470 1041 ut
1515 979 1812 1040 universos
1856 977 2110 1038 ferendis
2157 977 2334 1038 armis
2375 976 2618 1037 idoneos
2643 977 2704 1038 in
2734 978 2859 1038 bel-

648 1077 774 1137 lum
804 1077 1074 1138 mittant:
1108 1097 1222 1137 neu
1251 1098 1314 1139 se
1344 1077 1422 1137 de
1461 1077 1728 1137 libertate
1756 1086 1820 1137 et
1845 1075 2025 1155 gloria
2079 1075 2406 1145 Gallicana,
2442 1073 2638 1153 deque
2673 1074 2863 1136 omni-

655 1173 765 1235 bus
791 1174 873 1235 sic
902 1176 1191 1246 meritum,
1220 1178 1366 1236 inter
1393 1194 1597 1235 manns
1629 1175 1881 1234 hostium
1911 1173 2167 1234 ludibrio
2195 1173 2578 1233 deserendum
2606 1182 2856 1252 putenm

650 1271 753 1331 sed
783 1270 1040 1332 obsessis
1077 1291 1254 1350 opem
1298 1270 1446 1330 ferre
1484 1270 1787 1332 festinent:
1845 1290 1996 1349 opus
2020 1270 2175 1330 enim
2204 1287 2332 1331 esse
2371 1270 2684 1340 celeritate,
2716 1289 2866 1349 qut*-

649 1365 808 1430 niam
852 1368 1013 1428 omni
1058 1367 1420 1447 parcimonia
1448 1368 1881 1447 quantumlibet
1914 1377 2139 1440 exacta,
2168 1366 2349 1447 paulo
2392 1367 2647 1446 amplius
2681 1387 2863 1446 qum

651 1464 885 1543 triginta
913 1464 1122 1526 diebus
1152 1465 1401 1527 tollerari
1430 1471 1634 1543 posset
1660 1463 1934 1525 obsidio:
1984 1475 2298 1544 properent
2323 1484 2466 1544 ergo
2493 1463 2574 1496 ¹⁰⁰
2590 1464 2651 1522 in
2679 1465 2866 1544 segui-

650 1560 761 1623 tie·
787 1560 968 1640 impia
1008 1561 1350 1640 octuaginta
1404 1561 1568 1622 milia
1622 1560 1946 1621 electorum
2002 1552 2305 1621 bominum
2360 1580 2595 1622 suornm
2635 1562 2868 1641 perdita

652 1667 832 1739 atque
877 1659 1147 1720 hostibus
1200 1657 1439 1738 prodita
1480 1659 1608 1738 peti
1652 1663 1944 1739 possunt.’
2025 1659 2127 1719 Sic
2174 1658 2491 1719 admonitis
2534 1669 2599 1720 et
2643 1657 2863 1719 emissis

654 1756 979 1834 equitibus,
1010 1756 1136 1836 ipse
1163 1777 1299 1817 cum
1326 1757 1564 1836 reliquis
1586 1757 1736 1817 intra
1767 1757 1968 1819 urbem
1996 1776 2056 1818 se
2075 1756 2397 1835 recipiens:
2433 1776 2501 1817 ac
2529 1776 2715 1835 pecus
2741 1755 2865 1818 fru-

653 1863 1035 1934 mentumque
1055 1873 1228 1915 omne
1251 1853 1329 1915 ad
1359 1874 1420 1914 se
1440 1856 1893 1934 relatum‚[154]
1917 1873 2089 1935 parce
2118 1854 2358 1914 nimium
2385 1875 2453 1914 ac
2475 1854 2732 1934 maligne
2749 1854 2874 1915 dis-

655 1950 935 2029 pertiens,
959 1951 1078 2012 veri
1105 1951 1359 2032 speciem
1389 1952 1697 2031 praebebat
1715 1952 1970 2023 obsessi;
2013 1970 2132 2012 non
2147 1952 2481 2030 eruptione:
2513 1971 2632 2014 non
2657 1952 2865 2024 armis:

655 2047 755 2108 sed
785 2049 1199 2127 expectatione
1224 2068 1298 2109 ac
1327 2049 1545 2109 nuntiis
1565 2048 1784 2108 bellum
1811 2068 2030 2127 gerens,
2042 2048 2254 2108 auxilia
2286 2048 2543 2126 undique
2569 2050 2870 2127 postulans

658 2151 719 2204 et
736 2155 1073 2222 expectans.
1120 2145 1319 2205 Caesar
1344 2165 1417 2207 ex
1434 2145 1701 2224 profugis
1717 2155 1779 2206 et
1806 2145 2054 2225 captivis
2083 2144 2160 2206 de
2180 2153 2336 2206 statu
2364 2146 2578 2207 certior
2603 2146 2872 2206 obsesso-

657 2242 1186 2314 rum,·munimenta
1226 2252 1287 2303 et
1316 2252 1503 2304 turres
1544 2263 1618 2303 ac
1646 2243 1966 2314 machinas,
1997 2261 2105 2304 nec
2134 2262 2252 2304 non
2280 2242 2552 2304 frumenti
2579 2253 2642 2304 et
2667 2243 2873 2323 pabuli

662 2337 947 2400 uberioris
965 2339 1385 2401 abundantiam
1400 2364 1417 2412 ;
1440 2350 1502 2401 et
1529 2340 1823 2422 quidquid
1851 2342 1908 2400 in
1932 2342 2144 2401 talibus
2172 2341 2427 2401 humano
2447 2341 2682 2421 ingenio
2709 2341 2872 2422 ongi-

662 2435 770 2498 tari
791 2445 1008 2515 potest,
1030 2456 1151 2516 quo
1176 2442 1319 2498 ¹non
1341 2456 1379 2498 a
1398 2440 1747 2520 parentibus
1776 2450 2022 2513 tantum,
2045 2438 2148 2499 sed
2172 2459 2545 2519 quaecunque
2566 2437 2709 2519 fingi
2737 2453 2876 2519 pos-

661 2543 812 2606 sent,
837 2535 1115 2614 periculis
1136 2536 1425 2598 obviaret:
1446 2547 1611 2599 tanto
1631 2537 1830 2598 studio
1858 2538 2221 2608 matun-aban
2253 2546 2320 2598 ut
2344 2538 2536 2616 legere
2554 2556 2627 2596 ea
2649 2538 2740 2596 vel
2769 2556 2874 2597 au·

661 2631 787 2695 dire
806 2631 1047 2694 difficile
1074 2633 1169 2706 sit,
1198 2655 1333 2715 quae
1359 2636 1470 2695 sibi
1496 2636 1657 2696 factu
1681 2655 1920 2715 quoque
1944 2644 2164 2695 cuncta
2181 2634 2375 2695 facilia
2402 2634 2664 2694 victoriae
2687 2652 2875 2714 appe-

660 2729 803 2791 titus
824 2731 914 2791 vel
933 2730 1133 2811 gloriae
1149 2730 1422 2794 faciebat.
1462 2739 1546 2793 At
1561 2733 1876 2794 Gallorum
1897 2733 2123 2813 populi,
2146 2751 2384 2793 suornm
2399 2730 2595 2791 reditu
2613 2730 2880 2793 admoni—

661 2828 729 2900 ti,
750 2829 962 2907 ''quem
990 2830 1050 2889 in
1076 2839 1245 2891 arcto
1266 2832 1340 2891 ad
1358 2831 1617 2893 Alexiarn
1639 2852 1729 2893 res
1750 2841 1966 2901 essent,
1995 2830 2247 2892 concilio
2275 2828 2597 2901 celebrato,
2625 2839 2688 2889 et
2711 2829 2881 2890 audi*

659 2925 739 2985 tis
792 2926 1120 3007 principum
1172 2929 1493 3003 sententiis,
1548 2928 1709 2989 nullo
1765 2937 1944 3007 pacto
2001 2927 2412 3008 negligendum
2477 2924 2622 2986 sibi⁴
2645 2934 2878 2987 tantm

660 3023 885 3085 ‚Galliae
911 3025 1234 3103 pericnlum
1262 3027 1673 3087 ,³consuerunt
1709 3046 1904 3106 neque
1940 3034 2169 3087 tantum
2199 3023 2363 3104 quod
2391 3024 2663 3085 obsessus
2692 3024 2881 3103 petie-

666 3126 759 3179 rat
785 3118 1120 3197 imperator,
1149 3140 1362 3199 cogere
1406 3121 1465 3181 in
1504 3123 1726 3183 bellum
1774 3142 1977 3183 omnes
2024 3123 2126 3202 qui
2169 3141 2334 3182 arma
2373 3130 2612 3200 possent
2636 3133 2877 3200 portare

658 3234 742 3275 ne
768 3215 826 3274 in
854 3214 1139 3279 infinitum
1185 3215 1483 3279 “cederet:
1528 3219 1632 3279 sed
1675 3221 1915 3300 singulis
1942 3219 2282 3281 civitatibus
2308 3229 2536 3279 certum
2563 3237 2871 3279 nnmerum

660 3310 1077 3374 decreverunt:
1118 3314 1361 3393 longum
1404 3317 1777 3397 est-singula
1823 3316 2116 3396 prosequi‘³
2149 3325 2212 3377 et
2258 3333 2613 3394 quamquam
2653 3313 2881 3376 notitia

660 3428 863 3471 rerum
890 3408 1137 3489 'aliquid
1179 3410 1442 3484 fortasse,
1492 3432 1608 3473 non
1649 3414 1843 3473 minus
1891 3422 2086 3473 tamen
2130 3412 2427 3473 interdum
2456 3410 2616 3471 taedii
2641 3412 2881 3474 habitu-

664 3526 819 3580 rum,
847 3508 1230 3587 quadraginta
1261 3510 1351 3570 vel
1397 3509 1630 3572 circiter
1676 3510 1911 3573 nomina
1941 3511 2172 3571 urbium
2200 3519 2367 3571 sunt:
2413 3509 2882 3589 bellatorumque

669 3624 746 3665 ex
800 3604 888 3665 bis
935 3605 1203 3683 equitum
1252 3614 1414 3678 octo,
1473 3606 1740 3685 peditum
1780 3626 1919 3668 vero
1973 3605 2236 3668 ducenta
2284 3605 2674 3686 quadraginta
2726 3606 2886 3673 milia

672 3700 918 3763 redacta
945 3703 1197 3782 reperio.
1269 3704 1423 3764 Cum
1451 3703 1564 3765 hac
1592 3712 1756 3765 tanta
1786 3704 2156 3765 multitudine
2181 3703 2405 3764 recenti
2428 3712 2608 3782 atque
2633 3702 2885 3784 integra,

670 3800 882 3863 decem
932 3799 1212 3861 Romanis
1249 3800 1380 3878 jam
1429 3800 1740 3863 vincendo.
1769 3801 1937 3863 fessis
1985 3799 2310 3880 legionibus
2354 3799 2497 3881 ipsis
2537 3800 2798 3861 bostium
2823 3802 2885 3861 in

674 3895 899 3959 finibus
926 3895 1350 3957 decertandum
1390 3907 1542 3960 erat:
1587 3909 1647 3958 et
1686 3899 1815 3960 haec
1841 3908 2003 3960 tauta
2030 3909 2387 3960 armatorum
2415 3897 2598 3958 moles
2628 3897 2887 3958 honum

674 4011 790 4053 non
821 3992 961 4053 alibi
991 4012 1169 4072 qnam
1197 3992 1257 4052 in
1284 3993 1509 4073 campis
1548 3993 1892 4069 AEduorum,
1920 3993 2108 4056 ⁶nunc
2132 3998 2333 4058 Caesar
2375 3995 2438 4055 in
2463 3993 2688 4054 AEduos
2717 3995 2886 4055 tolle-

741 4170 838 4217 too
871 4167 1033 4233 Lege,
1064 4168 1230 4220 nie-1
1267 4170 1444 4238 Forte,
1480 4188 1574 4223 non
1616 4175 2040 4239 wasconibus—2
2074 4173 2239 4246 Lege,
2277 4176 2531 4238 quotue-8
2564 4171 2745 4237 Forte,
2784 4160 2891 4221 een·

668 4255 896 4304 nmnts
925 4266 1072 4316 neque
1091 4255 1363 4303 imvm—4
1402 4255 1596 4318 Forte‚·
1613 4262 1988 4331 crescerent—2}
2024 4256 2202 4331 Forte,
2234 4252 2471 4308 usila-6
2500 4250 2763 4325 Videntur
2791 4252 2883 4308 de·

681 4331 842 4385 lenda
862 4331 974 4383 haec
987 4332 1165 4399 verbe,
1178 4347 1300 4384 nunc
1326 4336 1556 4388 Casas-in
1568 4339 1751 4389 ΛΕΜ
1771 4336 2062 4391 tollet-antia.
