3117 5025
596 396 773 466 1730
1242 416 1302 464 s.
1344 414 1562 465 nansi
1630 413 2175 465 connum-Amr

591 574 877 647 praede
903 586 995 628 res
1022 586 1139 627 non
1166 567 1425 628 ”vanius
1449 588 1561 629 nec
1603 587 1664 628 se
1712 564 1902 648 dignis
1928 564 2331 647 subterfugiis,
2359 563 2463 629 sed
2494 585 2613 628 uno
2638 566 2804 630 vide-

597 666 772 727 batur
807 664 1185 744 transigenda
1233 665 1573 729 certamine.
1653 664 1775 726 Has
1831 665 1982 726 inter
2028 683 2199 725 curas
2246 674 2559 744 expectata
2601 667 2802 727 classis

595 766 765 827 affuit
806 766 923 826 alio
978 764 1211 824 veniens
1259 764 1523 837 Oceano,
1556 784 1735 844 quiam
1777 774 2082 824 cernentes
2110 763 2318 822 Veneti
2346 763 2464 824 suis
2506 765 2804 825 littoribus

596 864 1085 943 propinquantem
1142 881 1279 922 cum
1338 861 1612 923 ducentis
1683 860 1885 941 viginti
1941 859 2335 921 minutissimis
2405 862 2653 923 navibus
2717 861 2804 922 illi

596 961 835 1022 obviam
862 960 1077 1032 exiere,
1102 969 1347 1038 eratque
1399 961 1683 1019 Romanae
1733 977 1949 1038 puguae
1977 958 2123 1018 ratio
2151 958 2510 1031 difficillima,
2540 958 2706 1038 quod
2744 968 2808 1020 et

597 1053 874 1120 fortiores
922 1068 1114 1118 esseut
1141 1070 1201 1118 et
1248 1057 1502 1136 majores
1552 1057 1934 1116 herbatorum
1985 1075 2161 1115 naves
2202 1072 2262 1117 et
2308 1056 2564 1118 turribus
2593 1055 2800 1137 “prz-

592 1156 914 1229 miuqbant,
943 1156 1100 1217 unde
1127 1177 1198 1215 ex
1227 1155 1349 1216 alto
1377 1153 1778 1233 pugnantibus
1807 1154 1938 1225 illis,
1969 1153 2136 1233 quasi
2166 1153 2381 1234 iniquis
2429 1152 2700 1233 proelium
2742 1155 2802 1216 in

589 1253 737 1314 locis
755 1262 1055 1334 ageretur:
1107 1254 1231 1314 vela
1260 1273 1497 1332 quoque
1525 1261 1586 1313 et
1613 1249 1753 1312 muli
1779 1262 1837 1312 et
1865 1253 2450 1313 autentim-immensa
2478 1251 2631 1312 mole
2659 1270 2808 1331 prae-

590 1351 863 1412 stabant:
895 1350 1029 1430 [59]
1056 1350 1159 1429 qui
1190 1370 1251 1410 se
1270 1351 1567 1410 Romanus
1595 1368 1772 1410 naves
1810 1348 1980 1409 facile
2006 1367 2386 1428 oppressuros
2419 1348 2806 1412 confidebant

591 1459 654 1510 et
678 1449 958 1511 fecissent
983 1448 1031 1507 si
1061 1467 1238 1507 naves
1278 1448 1523 1508 navibus
1568 1448 2026 1507 concurrissent.
2110 1446 2228 1507 Sed
2271 1447 2467 1508 omnia
2497 1445 2679 1507 vincit
2718 1446 2806 1506 in·

592 1545 825 1626 genium
852 1555 915 1606 et
954 1546 1155 1605 virtus.
1236 1548 1421 1605 Erant
1460 1545 1746 1605 Romanis
1789 1543 1971 1605 falces
1998 1544 2319 1605 ²⁵inaudito
2361 1542 2805 1622 magnitudinis:

594 1640 797 1722 ²⁶quas
824 1641 1144 1724 artificioso
1187 1642 1445 1721 quodam
1492 1642 1751 1721 impulsu
1793 1641 2138 1702 rudentibus
2167 1642 2419 1703 bostium
2449 1641 2807 1719 injecissent,

592 1739 831 1818 navigio
870 1739 1043 1816 remis
1084 1739 1142 1797 in
1189 1738 1435 1799 adverso
1462 1748 1616 1810 acto,
1643 1747 1707 1799 et
1747 1739 2026 1799 rudentes
2054 1740 2217 1799 velut
2255 1739 2475 1799 ²⁷culta
2512 1739 2640 1799 acie
2667 1758 2811 1799 con·

593 1837 768 1898 soreii
818 1836 1257 1907 scindebantur,
1303 1845 1364 1896 et
1403 1845 1671 1895 antennae
1711 1835 1883 1896 simul
1922 1854 1995 1906 ac
2041 1836 2298 1915 superba
2328 1837 2579 1896 ruebant
2619 1853 2809 1896 arma-

595 1943 813 2005 menta,
867 1933 1208 2012 fiebantque
1246 1952 1483 1993 suarum
1538 1932 1964 2012 impedimenta
2010 1934 2270 1993 navium.
2376 1932 2494 1993 Sed
2552 1932 2812 1994 virorum

595 2049 797 2109 pugna
823 2030 939 2091 ²⁸in
970 2051 1088 2111 qua
1130 2033 1303 2110 longe
1352 2031 1618 2110 superior
1670 2041 1793 2091 erat
1841 2031 1999 2092 acies
2041 2030 2324 2091 Romana.
2404 2029 2480 2090 Et
2532 2029 2810 2090 virtutem

593 2126 824 2187 insitam
853 2137 1148 2207 spectator
1170 2128 1421 2188 eximius
1458 2128 1836 2207 expectabat.
1916 2130 2150 2189 Cuncta
2192 2128 2339 2187 enim
2380 2127 2439 2185 in
2480 2137 2810 2206 conspectu

597 2224 849 2284 Caesaris
877 2226 1225 2305 agebantur,
1253 2235 1317 2284 et
1344 2225 1639 2285 exercitus
1668 2223 2013 2285 circumfusi
2042 2225 2142 2304 qui
2185 2223 2480 2284 littoribus
2508 2223 2811 2303 proximos

593 2322 912 2401 occupavit
941 2323 1161 2384 colles:
1206 2321 1262 2380 in
1312 2342 1433 2400 quo
1476 2322 1818 2382 bellicarum
1870 2342 2061 2383 rerum
2091 2321 2260 2382 multi
2289 2320 2597 2400 magnique
2642 2330 2812 2384 erant

588 2418 862 2496 jndices3
905 2419 1031 2479 noti
1071 2439 1272 2479 omnes
1302 2418 1642 2478 bellantium
1685 2428 1745 2479 et
1787 2419 1992 2480 amici:
2034 2438 2282 2498 qnorum
2311 2418 2421 2478 sub
2469 2418 2659 2479 oculis
2698 2438 2809 2480 nec

597 2515 741 2575 ²⁹vir
766 2535 874 2576 nec
915 2517 1146 2595 ignavia
1172 2535 1297 2576 esse
1342 2526 1543 2594 posset
1573 2517 1830 2588 occulta,
1852 2525 1912 2576 ct
1938 2536 2050 2589 sna·
2072 2526 2239 2595 purte
2265 2536 2405 2594 ergo
2447 2516 2552 2576 viri
2581 2515 2805 2589 fortes:

600 2621 662 2671 et
710 2612 797 2672 his
845 2614 965 2673 acti
992 2613 1238 2674 stimulis
1284 2613 1673 2674 strenuissime
1713 2633 1831 2674 rem
1861 2615 2159 2692 gerebant,
2197 2613 2280 2673 sic
2319 2622 2388 2672 ut
2415 2612 2579 2673 brevi
2621 2612 2811 2674 fracta

599 2709 799 2770 hostes
828 2711 1153 2790 pertinacia
1178 2731 1342 2789 spem
1365 2711 1566 2772 salutis
1587 2711 1746 2789 sugae
1775 2711 2081 2789 ventisque
2097 2710 2562 2771 committerent:
2594 2709 2810 2789 quibus

597 2827 737 2867 cum
763 2808 892 2869 vela
918 2808 1323 2876 credidissent,
1355 2809 1524 2888 quasi
1569 2811 1867 2868 Romanos
1898 2809 1951 2845 ³0
1964 2809 2108 2868 verti
2138 2807 2336 2867 subito
2377 2805 2691 2878 siluerunt:
2745 2817 2811 2869 et

586 2913 901 2984 stagnante
955 2906 1106 2965 freto
1150 2904 1440 2964 destitutis
1486 2924 1636 2983 quas
1686 2904 1979 2965 vehebant
2021 2905 2290 2974 navibus,
2348 2904 2493 2962 mira
2519 2903 2650 2964 coeli
2687 2924 2812 2965 ma-

594 3000 795 3079 risque
840 3001 1227 3078 tranquillitas
1269 3012 1590 3060 consecuta
1617 3011 1728 3071 est,
1769 3000 1856 3061 sic
1901 3009 1965 3059 ut
2016 2999 2349 3060 immobiles
2403 3000 2811 3079 languentibus

598 3097 764 3158 vadis
804 3107 1051 3158 starent:
1096 3099 1349 3158 assecuti
1397 3098 1669 3171 Romani,
1698 3118 1837 3157 cum
1870 3099 2001 3176 jam
2047 3100 2191 3157 bora
2218 3096 2333 3157 diei
2375 3105 2586 3175 quarta
2628 3107 2808 3170 esset,

508 3246 515 3255 .
600 3214 786 3272 usque
812 3195 888 3255 ad
918 3215 1197 3256 occasum
1226 3195 1365 3255 solis
1392 3196 1705 3257 incendere
1733 3215 1804 3256 ac
1835 3195 2006 3256 ferire
2035 3213 2335 3275 nunquam
2363 3194 2480 3253 ullo
2510 3205 2818 3271 momento·

602 3290 880 3370 temporis
933 3291 1315 3363 destiterunt:
1361 3294 1746 3372 omnibusque
1802 3291 1923 3353 fere
1969 3291 2061 3353 vel
2106 3291 2328 3352 exustis
2372 3291 2464 3351 vel
2512 3292 2811 3371 oppressis

602 3387 854 3467 ³¹pauco
902 3389 1192 3451 beneficio
1231 3391 1442 3450 vicinae
1489 3393 1681 3451 noctis
1727 3390 1946 3469 elapsa:
2000 3398 2155 3450 sunt.
2241 3389 2375 3449 Hoc
2430 3388 2642 3466 proelio
2688 3407 2812 3450 non

602 3483 785 3546 modo
811 3485 920 3548 flos
953 3489 1242 3566 juvenum
1297 3491 1677 3558 Veneta-um,
1729 3487 1832 3547 sed
1877 3497 2180 3566 provecta:
2221 3485 2396 3545 etiam
2438 3485 2625 3545 :etatis
2667 3504 2813 3546 cou-

602 3582 792 3645 silium
822 3604 893 3646 ac
915 3585 1145 3646 fructus
1172 3585 1486 3646 intercidit.
1574 3585 1827 3645 Perditis
1847 3603 1986 3662 ergo
2007 3585 2139 3644 viris
2164 3602 2236 3642 ac
2266 3582 2512 3642 navibus
2538 3594 2597 3642 et
2625 3583 2817 3642 omni-

600 3700 698 3741 um
737 3682 970 3761 insuper
1019 3705 1125 3763 spe
1168 3684 1397 3754 amissa,
1457 3703 1517 3743 se
1575 3703 1794 3761 suaque
1851 3685 2251 3741 Romanorum
2300 3680 2578 3757 potestati
2629 3687 2811 3758 atque

600 3777 844 3839 arbitrio
865 3783 1225 3842 commisere.
1310 3781 1437 3840 Hos
1464 3782 1666 3840 Caesar
1691 3792 1897 3840 contra
1945 3799 2164 3839 morem
2193 3775 2460 3837 tractavit
2499 3775 2810 3848 inimicius,

600 3882 669 3936 ut
694 3874 974 3939 barbaros
1010 3898 1048 3939 a
1073 3876 1360 3939 violandis
1387 3877 1595 3955 legatis
1643 3877 1914 3956 exemplo
1941 3872 2216 3955 supplicii
2241 3874 2553 3933 deterreret
2575 3895 2594 3941 ς
2639 3890 2809 3932 sena-

667 4040 731 4089 23
766 4038 927 4102 Lege,
962 4039 1245 4091 vana—24
1280 4041 1441 4103 Lege,
1475 4039 1991 4103 praemittebam-25
2027 4040 2185 4101 Lege,
2219 4035 2595 4085 inaudita—26
2627 4033 2811 4097 Forte,

600 4132 719 4182 quas
735 4125 987 4173 cmm—27
1023 4120 1200 4185 Forte,
1220 4121 1342 4170 velint
1364 4119 1507 4171 cultri
1538 4119 1641 4169 acie
1679 4120 2028 4171 :matoria-28
2059 4118 2225 4182 Lege,
2239 4130 2468 4181 pugnum,
2489 4115 2541 4164 ἔτι
2561 4128 2653 4178 qua
2673 4116 2813 4179 1⁰⁸3«

599 4199 810 4263 superior
843 4205 944 4250 erat
965 4200 1091 4251 acies
1113 4202 1344 4267 Romana,
1363 4206 1417 4259 et,
1452 4201 1829 4252 virtutem-29
1861 4197 2025 4264 Lege,
2057 4200 2354 4250 onena—30
2386 4195 2549 4263 Lege,
2581 4193 2813 4247 ueriti.—

603 4282 665 4333 81
703 4280 864 4347 Lege,
882 4296 1062 4346 pauca.
