3117 5025
636 383 756 470 ixii

701 543 1096 598 circumvallare
1119 543 1170 596 G
1189 542 1293 609 viii,
1312 547 1394 594 87.
1435 558 1597 610 opera,
1618 559 1701 595 res

703 614 867 675 gestae
885 608 927 659 C
945 609 982 672 i,
998 613 1081 662 32.
1115 608 1170 659 H
1190 613 1271 661 31.
1335 609 1583 660 machinae
1608 625 1700 675 op-

701 674 1098 788 pugnandarum
1121 675 1322 725 urbium
1345 675 1396 726 G
1419 673 1477 738 ii,
1497 680 1579 726 12.
1629 675 1699 728 cf.

641 804 776 868 Opus
797 802 1046 863 estsacere
1066 804 1247 867 aliquid
1270 802 1320 854 G
1343 802 1435 867 vii,
1455 809 1537 854 54.

640 870 796 918 Orare
832 884 939 917 cum
967 869 1142 932 aliquo,
1178 883 1274 932 per
1315 883 1499 933 preces
1544 884 1700 934 agere

703 948 820 983 cum
844 948 924 996 eo,
945 948 1061 983 eum
1087 934 1289 996 precari
1308 934 1351 983 C
1374 934 1391 982 i
1433 938 1516 983 22.

642 997 787 1047 orbi.
808 998 860 1047 in
886 997 1064 1061 praeno
1086 996 1273 1048 Af.15.
1339 969 1702 1058 orben-facim

702 1062 752 1113 G
776 1062 844 1125 iv,
861 1066 941 1113 57.
995 1069 1085 1113 aut
1105 1065 1158 1112 in
1179 1063 1335 1112 orbem
1368 1064 1625 1113 consistunt
1649 1064 1700 1114 G

700 1141 753 1190 v,
782 1131 865 1177 33.
920 1133 1010 1177 aut
1029 1128 1082 1177 in
1113 1127 1269 1177 orbem
1301 1132 1516 1191 pugnant
1549 1127 1700 1181 Α40.

699 1192 807 1257 qui,
830 1191 919 1242 ubi
942 1192 1008 1241 ab
1030 1192 1263 1242 hostibus
1287 1193 1446 1242 cincti
1485 1199 1623 1256 sunt,
1640 1193 1701 1243 iis

699 1272 1107 1323 quaquaversum
1143 1255 1368 1307 frontem
1402 1256 1705 1323 obvertunt,

698 1327 760 1371 ut
798 1337 864 1371 ex
906 1321 1144 1374 omnibus
1173 1322 1410 1385 partibus
1450 1329 1700 1386 pugnent.

697 1385 968 1437 Interdum
992 1387 1068 1435 sic
1104 1387 1159 1437 in
1180 1385 1360 1436 orbem
1380 1387 1701 1452 pugnabant,

697 1456 759 1501 nt
781 1464 884 1501 una
905 1451 1088 1501 cohors
1113 1452 1378 1516 paululum
1400 1458 1702 1515 procurreret

697 1515 946 1566 adversus
967 1516 1171 1565 hostem
1193 1516 1244 1565 G
1268 1532 1318 1577 v,
1339 1519 1421 1567 ³4.
1485 1517 1596 1566 sive
1618 1533 1701 1567 ex-

704 1582 891 1630 cederet
910 1596 974 1629 ex
993 1580 1104 1631 orbe
1127 1580 1176 1631 Ο
1200 1595 1251 1642 v,
1270 1584 1353 1630 35.

635 1644 930 1708 Ordinatim,
945 1645 1209 1695 ordinibus
1227 1643 1497 1695 instructis
1511 1643 1602 1695 Af.
1618 1651 1700 1697 12.

636 1711 788 1772 Ordo,
823 1711 1056 1760 centuria
1094 1709 1144 1759 G
1178 1710 1212 1772 i,
1232 1713 1314 1773 40,
1336 1714 1419 1762 41.
1470 1709 1529 1759 0.
1561 1710 1598 1772 i,
1620 1716 1700 1763 13.

698 1774 754 1838 ii,
785 1778 869 1826 28.
918 1774 1059 1824 Hinc
1081 1776 1270 1825 ordines
1294 1774 1445 1840 primi
1464 1774 1515 1825 Ο
1540 1788 1597 1837 V,
1617 1780 1700 1841 28,

696 1842 780 1890 44.
835 1841 1086 1890 centurias
1105 1840 1281 1903 primae
1303 1839 1521 1902 alicujus
1539 1840 1701 1905 legio-

699 1904 814 1956 nis:
866 1910 922 1954 et
941 1903 1204 1969 interiores,
1224 1904 1408 1981 quibus
1433 1918 1700 1969 opponun-

697 1974 787 2019 tur
825 1970 1088 2033 superiores
1118 1969 1169 2020 Ο
1199 1983 1271 2031 v1,
1302 1974 1402 2018 40:
1461 1977 1518 2019 et
1545 1971 1703 2037 infimi

696 2033 762 2084 C.
782 2033 839 2097 ii,
872 2039 956 2084 35.
1021 2034 1206 2099 quibus
1225 2034 1407 2084 honesti
1429 2048 1700 2098 opponun—

698 2104 803 2147 tur.
829 2098 914 2149 Cf.
952 2100 1151 2162 amplus.
1205 2097 1325 2162 Spes
1358 2099 1540 2149 ordinis
1577 2100 1700 2150 olim

697 2162 945 2225 ducendi,
965 2162 1095 2212 facit
1116 2163 1180 2212 iis
1205 2178 1370 2227 spem,
1392 2161 1505 2214 fore
1539 2172 1599 2216 ut
1619 2180 1701 2215 or-

698 2225 811 2277 dini
845 2242 884 2278 s.
907 2227 1161 2277 centuriae
1191 2226 1546 2291 praeficiantur
1585 2229 1629 2282 C
1666 2230 1702 2293 i,

695 2293 749 2342 Β.
818 2292 921 2341 Sed
967 2291 1018 2342 Ο
1055 2307 1110 2353 v,
1142 2296 1223 2342 80.
1247 2292 1319 2355 vi,
1339 2296 1389 2342 7.
1455 2297 1570 2344 ordo
1605 2294 1703 2357 pn·-

695 2370 802 2406 mus
821 2364 902 2407 est
935 2370 1029 2419 per
1050 2357 1433 2420 metonymiam,
1452 2358 1702 2410 Centurio

695 2421 852 2486 primi
890 2421 1103 2471 ordinis.
1171 2422 1366 2471 Rursus
1389 2423 1599 2487 ordines,
1624 2438 1701 2473 se·

695 2485 800 2537 ries
821 2487 1042 2537 militum
1081 2487 1133 2537 in
1164 2486 1275 2536 acie
1316 2486 1366 2537 G
1400 2486 1470 2551 iv,
1495 2492 1577 2539 33.
1645 2495 1702 2540 ct

761 2552 840 2602 'nni
876 2553 1084 2615 ordines,
1118 2553 1206 2618 qui
1246 2553 1466 2616 primum
1502 2554 1556 2602 in
1588 2555 1700 2605 acie

717 2631 867 2668 ocum
887 2624 1166 2680 occupant.
1238 2618 1442 2667 Ordines
1507 2618 1702 2748 strata3

808 2683 819 2694 ’
1067 2719 1083 2745 ,
1184 2717 1199 2733 .
1263 2683 1453 2735 ordines
1512 2690 1679 2735 strata

634 2811 792 2876 oriri,
830 2814 993 2889 Repe?
1013 2783 1233 2863 {duntur
1252 2810 1313 2860 ab
1343 2813 1701 2891 extremi-§fini-

633 2875 969 2992 omsstzffl
989 2877 1697 3018 &azffiffzffifflsssszfisslg

697 3006 880 3082 omnis,
911 3021 1011 3071 quo
1055 3013 1240 3055 unstrut
1275 3008 1448 3057 solent
1485 3006 1572 3057 Af.
1614 3013 1696 3058 86.

589 3122 595 3131 ”
634 3070 1585 3198 Οιξηῖἳεῖᾳηὶίεε,υἷῃεειξῖιζᾙιέωέεϋυε,
1631 3136 1697 3187 ad

695 3204 989 3264 equestrem
1026 3199 1263 3249 militiam
1307 3200 1610 3250 necessariis
1649 3203 1697 3252 A

695 3267 780 3311 50.
847 3262 998 3339 Uni-de
1020 3267 1190 3339 οῙζιαὲα
1210 3263 1338 3312 omni
1354 3278 1528 3325 genere
1549 3279 1701 3315 armo-

634 3326 1242 3506 οξεῖαῗνῖῗεεῑξιῗῑῖἱοιαΐὲ
1305 3392 1395 3459 Gi,
1418 3395 1472 3457 ε,
1496 3397 1578 3443 19.
1654 3394 1696 3445 c

632 3651 817 3709 Oti-tm,
853 3652 1383 3729 paxu-tranquillitas.
1447 3655 1510 3703 ad
1545 3654 1696 3704 otium

846 3717 1147 3778 'Gvn,66.
1210 3716 1695 3769 motffldeducic

643 3780 650 3789 ’
713 3816 732 3846 ,
789 3816 804 3831 .
867 3780 1160 3831 diuturnitas
1179 3782 1270 3831 otii
1294 3783 1337 3833 C
1359 3782 1413 3848 ii,
1430 3787 1513 3833 ³6.

1137 3976 1185 4026 Ρ

630 4101 878 4166 Fabulam,
902 4104 1149 4154 alimenta
1178 4104 1534 4170 jumentorum
1566 4105 1618 4157 Ο
1660 4106 1697 4170 i,

696 4170 779 4217 16.
846 4167 985 4218 Hinc
1000 4169 1238 4233 pabulari,
1259 4170 1530 4234 conquirere
1547 4171 1703 4234 pabus

696 4230 794 4281 laon
815 4231 863 4281 G
888 4232 923 4295 i,
945 4238 1027 4283 15.
1061 4233 1169 4297 viii,
1193 4239 1275 4285 10.
1328 4242 1384 4284 et
1399 4235 1661 4300 pabulam.

631 4293 856 4360 Pacatus,
876 4304 1085 4347 coactus
1109 4313 1292 4363 pacem
1316 4299 1490 4352 facere
1515 4307 1573 4350 et
1594 4315 1695 4351 ser·

1634 399 1878 451 INDEX

1843 559 1989 609 vare,
2006 549 2064 597 et
2081 541 2347 612 quiescere
2366 545 2417 596 Ο
2440 543 2479 608 i,
2500 551 2551 598 6.
2585 546 2649 610 ii,
2665 550 2716 600 1.

1777 611 1962 676 Pagus,
1982 625 2104 675 pars
2141 611 2369 662 civitatis
2406 610 2458 662 Ο
2490 612 2527 676 i,
2550 617 2637 675 12,
2659 618 2744 665 87.
2777 609 2849 676 vi,

1842 681 1924 729 11.
1989 676 2059 727 Et
2082 676 2133 727 G
2156 676 2194 738 i,
2218 681 2298 728 12.
2334 685 2700 753 permutantur
2721 680 2850 729 invi-

1842 757 1957 791 cem
1977 756 2130 803 pugus
2152 742 2433 792 Helveticae
2468 750 2527 792 et
2544 758 2662 807 pars
2681 744 2849 793 ciuita-

1840 807 1906 856 tis
1942 806 2226 856 Helvetiae.
2294 807 2687 870 metaphrastes
2722 823 2849 872 gre·

1841 885 1935 921 cus
1957 871 2113 933 φυλὰς
2132 872 2507 936 interpretatus
2528 879 2631 923 est.

1776 936 2115 986 Paludamenti
2135 937 2281 987 color
2305 936 2353 986 G
2378 935 2467 998 vii,
2503 941 2588 986 88.
2659 935 2749 985 Af.
2770 941 2849 986 57.

1777 1001 2012 1050 Panicum
2044 1001 2088 1050 C
2123 1001 2181 1061 ii,
2204 1005 2287 1051 22.
2356 1000 2588 1050 Omnino
2622 1009 2706 1050 est
2740 1015 2850 1065 gra·

1841 1080 1979 1127 men,
2017 1064 2192 1115 ferens
2228 1065 2441 1128 spicam,
2484 1065 2776 1115 seminibus
2806 1080 2849 1114 s.

1844 1131 2068 1194 granulis
2090 1132 2479 1193 locupletatam,
2502 1145 2535 1178 e
2560 1131 2777 1195 quibus,
2795 1137 2849 1179 ut

1841 1209 1871 1244 e
1894 1195 2039 1245 milio
2073 1194 2312 1259 (His-sen,
2350 1194 2673 1258 Μιναίου),
2706 1194 2844 1245 cibus

1843 1260 2018 1322 parari
2040 1266 2218 1323 potest
2240 1260 2429 1309 varius.

1778 1323 1882 1372 Par
1902 1330 2041 1387 atque
2065 1324 2114 1374 G
2138 1325 2173 1386 i,
2193 1327 2277 1374 28.
2344 1331 2403 1374 ut
2421 1324 2611 1388 puriter
2630 1340 2707 1374 ac.

1776 1388 2005 1452 Purattu,
2035 1388 2206 1439 animo
2251 1385 2493 1449 affectus,
2527 1390 2601 1438 sic
2634 1391 2844 1452 parda,

1840 1468 1904 1503 eo
1924 1454 2091 1503 animo
2113 1454 2157 1504 C
2179 1453 2217 1515 i,
2236 1458 2319 1503 75.
2383 1453 2455 1504 cf.
2477 1452 2529 1503 G
2553 1454 2667 1518 viii,
2684 1459 2767 1504 28.

1775 1520 2059 1581 Percntare,
2096 1517 2151 1566 in
2183 1517 2375 1568 mortui
2412 1518 2674 1569 honorem
2708 1532 2845 1569 sam

1839 1581 2036 1646 facere,
2059 1589 2119 1632 ut
2135 1583 2399 1647 placetur:
2446 1583 2591 1633 unde
2615 1584 2669 1634 G
2692 1584 2782 1648 vii,
2798 1588 2845 1632 7.

1840 1654 2098 1697 mortuum
2115 1647 2258 1697 caedb
2279 1646 2495 1697 alterius
2518 1647 2725 1698 ulcisci.

1775 1712 1992 1775 Petu-iter,
2026 1712 2198 1774 simul,
2229 1712 2412 1763 eodem
2443 1719 2692 1777 tempore
2712 1713 2757 1763 C
2778 1711 2847 1771 iii,

1839 1782 1923 1892 512.
1988 1776 2076 1826 Sic
2117 1782 2175 1826 et
2219 1776 2416 1829 Justin.
2467 1777 2602 1840 xvii,
2638 1782 2693 1828 2.

1878 1857 1962 1905 ug.
1979 1845 2063 1891 68.

1774 1905 1921 1969 Pars,
1940 1906 2084 1970 regio
2107 1906 2157 1956 G
2179 1905 2250 1968 ir,
2273 1910 2355 1956 31.
2402 1905 2617 1970 civitas,
2632 1907 2781 1957 natio
2798 1906 2843 1956 Ο

1840 1969 1919 2033 iii,
1940 1975 2021 2020 10.
2085 1986 2203 2019 nieoe
2231 1975 2392 2033 pedes
2426 1976 2657 2022 cottum
2691 1974 2747 2023 in
2766 1972 2847 2021 ni-

1838 2035 2097 2085 seriem-dia
2119 2036 2162 2085 C
2184 2035 2221 2097 i,
2241 2040 2325 2094 85.

1778 2098 1989 2158 Partim,
2006 2101 2122 2149 item
2143 2101 2197 2149 H
2220 2104 2302 2151 37.
2369 2100 2587 2164 Partim,
2608 2106 2661 2152 et
2683 2101 2735 2153 A
2754 2105 2830 2152 29.

1776 2164 2036 2228 Parvulas,
2055 2165 2155 2215 boc
2195 2165 2562 2215 diminutivum
2602 2165 2844 2232 frequens

1841 2231 2073 2279 occurrit
2093 2229 2144 2280 G
2167 2244 2220 2292 v,
2242 2234 2326 2292 50,
2349 2234 2430 2280 52.
2459 2231 2574 2291 viii,
2594 2236 2681 2282 13.
2716 2233 2761 2283 C
2780 2230 2845 2288 iii,

1840 2296 1925 2355 ⁷2,
1945 2298 2057 2344 1⁰4.
2090 2292 2179 2345 Af.
2202 2298 2287 2356 ³⁷,
2303 2298 2388 2355 5⁴,
2409 2298 2493 2354 63,
2512 2299 2603 2347 ετ.

1778 2357 1965 2407 Parvus
1986 2359 2189 2409 Senator
2211 2357 2302 2409 Af.
2326 2364 2408 2408 57.

1775 2422 2057 2483 Patefacere
2095 2425 2209 2486 iter,
2242 2422 2436 2487 facere,
2458 2429 2519 2474 ut
2554 2439 2659 2487 per
2682 2425 2841 2474 locum

1840 2489 1970 2538 etin
2005 2503 2122 2539 eum
2159 2489 2325 2540 libere
2359 2503 2659 2540 commeare
2696 2491 2843 2542 licent

1840 2554 2104 2604 mercandi
2128 2568 2283 2604 causa
2304 2554 2353 2605 G
2367 2555 2440 2617 iii,
2463 2559 2513 2604 1.

1775 2616 1959 2667 Potens
1971 2619 2112 2682 locus,
2132 2634 2234 2668 non
2253 2619 2481 2668 munitus
2501 2619 2611 2681 Gi,
2636 2624 2723 2671 10.

1774 2681 2153 2742 PGtffsfflilioe
2169 2684 2227 2736 G.
2243 2684 2313 2747 Vi,
2333 2688 2413 2732 19.
2470 2712 2487 2739 1

1773 2747 1975 2797 Patiens
2011 2747 2100 2797 Af.
2144 2753 2228 2798 81.
2314 2747 2588 2809 Patientia,
2646 2748 2695 2799 si
2734 2746 2841 2813 quis

1840 2824 1998 2875 parco
2035 2812 2174 2863 victu
2213 2817 2271 2862 et
2305 2811 2438 2863 duro
2481 2813 2611 2865 vitae
2655 2826 2840 2879 genere

1839 2876 2007 2926 utitur
2024 2878 2075 2926 G
2093 2877 2163 2939 vi,
2185 2881 2268 2927 24.

1776 2938 2081 2990 Patrocinari
2105 2942 2159 2990 H
2182 2945 2267 2992 29.

1772 3004 1963 3054 Panem
1980 3020 2202 3056 numerus
2218 3005 2305 3057 Af.
2327 3009 2411 3056 67.

1771 3069 2104 3120 Parimentum
2127 3070 2171 3121 C
2195 3070 2268 3129 iii,
2290 3076 2403 3122 105.
2435 3068 2487 3120 Α
2511 3074 2561 3121 l.

1774 3134 2019 3185 Paulatim
2039 3135 2229 3185 acclivis
2251 3136 2300 3187 G
2324 3136 2378 3195 ii,
2401 3140 2450 3185 8.
2474 3135 2549 3199 ἱὶἰ,
2575 3138 2659 3186 19.
2674 3137 2835 3200 pnic-

1804 3250 1809 3259 ‚
1835 3199 1926 3249 tim
1944 3200 2241 3266 distributus,
2272 3202 2325 3251 iu
2346 3200 2564 3264 exiguas
2588 3210 2768 3265 partes
2788 3200 2835 3251 G

1840 3264 1951 3327 viii,
1976 3270 2056 3316 15.

1772 3328 1945 3391 Paulo,
1969 3343 2069 3378 non
2106 3336 2359 3395 sequente
2390 3331 2752 3395 comparativo
2786 3329 2835 3379 Ο

1838 3394 1927 3455 vii,
1944 3399 2027 3443 45.
2088 3397 2230 3458 paulo
2248 3394 2377 3452 Mra
2399 3393 2450 3444 G
2473 3394 2546 3456 iv,
2569 3398 2657 3446 86.
2727 3395 2836 3445 uni-

1837 3459 1996 3508 tatius
2020 3467 2118 3537 est,
2142 3460 2296 3523 paulo
2318 3457 2554 3508 inferius.

1771 3521 1994 3637 Pegai-e,
2010 3522 2075 3573 de
2096 3524 2309 3589 mjuria,
2324 3537 2439 3587 quae
2462 3523 2625 3574 alteri
2648 3523 2713 3575 fit
2731 3524 2778 3575 G
2794 3523 2833 3587 i,

1768 3651 1982 3767 Pegalis,
2003 3666 2212 3717 aequans
2249 3650 2663 3715 magnitudinem
2694 3652 2835 3718 pedis

1907 3718 1961 3767 iii
2004 3720 2088 3767 1⁸.

1766 3782 1924 3832 Pedes
1945 3752 2000 3831 e't
2015 3795 2181 3846 passus
2201 3777 2608 3845 confunduntur,
2642 3782 2763 3847 quin
2780 3780 2833 3830 in

1833 3842 1991 3899 codd.
2044 3860 2184 3911 saepe
2200 3845 2352 3896 litera
2366 3860 2403 3910 p
2425 3844 2745 3898 indicantur.
2780 3859 2835 3895 v.

1833 3911 2125 4026 Rgischard
2170 3912 2330 3962 Mem.
2367 3911 2488 3961 crit.
2529 3926 2585 3977 p.
2619 3916 2735 3964 258.
2764 3908 2833 3961 nd

1770 4041 2016 4104 Pedem-e,
2051 4044 2304 4090 terrestre
2336 4040 2380 4090 C
2423 4039 2480 4105 ii,
2521 4044 2607 4090 52.
2661 4039 2712 4091 Α
2748 4042 2834 4091 26.

1834 4120 2026 4170 oppon.
2048 4104 2326 4155 maritimo.

1772 4170 1935 4233 Pellio,
1953 4170 2228 4219 militessub
2245 4168 2464 4234 pellibus,
2484 4168 2540 4218 iu
2575 4167 2835 4230 tentoriis,

1832 4235 2053 4300 pellibus
2092 4235 2234 4285 enim
2269 4234 2497 4285 tentoria
2526 4234 2578 4284 in
2744 4239 2833 4283 tur

1834 4301 1885 4352 G
1925 4299 2099 4366 iii,29.
2163 4299 2249 4349 snb
2281 4298 2481 4363 pellibus
2520 4298 2743 4363 hymen
2786 4296 2833 4348 C
