3117 5025
950 445 1047 494 nn
1096 443 1277 494 vim
1331 441 1534 496 sunu
1585 443 1945 496 omanis.
2364 421 2547 502 ,1781

328 590 489 672 nere,
517 608 883 660 exarmatum
914 597 1066 676 busti
1098 597 1378 678 jugulum
1424 599 1712 678 praebere,
1759 608 1823 659 et
1859 597 1978 658 alta
2006 595 2191 658 multa
2218 596 2361 676 pati,
2411 614 2546 676 qum

334 693 621 757 bellorum
655 696 796 773 jure
844 695 985 756 victi
1032 716 1067 756 a
1115 697 1432 757 victoribus
1480 691 1810 775 patiantur.'
1888 694 2184 757 Persuasit
2212 695 2301 755 liis
2332 695 2544 766 verbis,

332 794 535 873 viginti
559 805 622 856 et
649 815 722 854 eo
750 795 1002 874 amplius
1029 794 1206 874 opida
1236 815 1350 855 una
1379 797 1513 856 luce
1545 795 1861 856 combusta
1901 804 2029 854 snut
2055 814 2069 853 z
2113 813 2304 872 neque
2353 792 2543 853 solum

334 890 393 950 in
422 889 645 951 tinibus
674 892 1026 970 Biturigum,
1069 892 1171 953 sed
1222 893 1279 951 in
1330 892 1569 971 reliquis
1611 893 1724 953 bac
1772 892 1907 956 illac
1953 899 2311 971 quocunque
2339 889 2547 952 oculos

332 986 617 1059 flecteres,
658 990 931 1050 incendia
957 990 1363 1061 cernebantur,
1395 1010 1511 1049 non
1534 990 1666 1050 'sine
1694 989 1952 1050 omnium
1982 988 2226 1049 dolore:
2276 1007 2449 1066 quem
2477 1005 2550 1048 ea

334 1091 471 1164 spes
486 1087 742 1161 ¹lenibat,
774 1088 937 1168 quod
969 1098 1132 1167 parta
1158 1088 1402 1148 victoria
1441 1088 1562 1147 cito
1589 1097 1809 1147 'omnes
1855 1085 2088 1167 perdita
2135 1095 2548 1147 restaurarent.

332 1183 428 1243 De
457 1186 719 1245 Avarico
746 1187 804 1246 in
827 1186 1068 1246 consilio
1091 1185 1377 1265 agitatum
1404 1194 1620 1254 est,·an
1645 1181 1887 1246 incendi
1929 1182 2094 1254 illud,
2141 1201 2216 1242 an
2260 1183 2546 1244 intactum

328 1279 523 1361 linqui
550 1284 754 1342 melius
805 1284 978 1343 soret.
1062 1285 1374 1343 Enimvero
1402 1280 1479 1341 ad
1508 1282 1624 1341 hoc
1656 1281 1899 1342 verbum
1944 1279 2021 1341 ad
2055 1279 2546 1360 Vercingetorigis

332 1380 517 1458 pedes
544 1380 978 1461 Gallorumque
1006 1382 1265 1441 omnium
1292 1380 1396 1459 qui
1424 1379 1676 1440 consilio
1706 1379 2021 1439 intererant
2045 1377 2215 1439 affusi
2247 1376 2548 1456 Bituriges,

330 1477 881 1549 obtestantur,·.‘ne
910 1475 1368 1556 pulcherrimum
1399 1477 1729 1537 Galliarum
1757 1475 1998 1556 opidum
2043 1474 2387 1554 ⁷⁵tle'cujus
2413 1493 2551 1554 pro-

332 1573 954 1655 vinciae‘Biturigeasis
981 1596 1054 1637 ac
1084 1574 1420 1655 praesidium
1448 1573 1700 1636 flammis
1731 1574 2031 1636 immeritis
2052 1573 2363 1634 'deleaturz
2408 1591 2547 1634 cum

334 1670 578 1733 defendi
606 1684 805 1754 posset
828 1674 993 1734 locus
1022 1677 1171 1754 pene
1200 1661 1666 1754 inexpugnabilis
1689 1677 1921 1745 natura,
1953 1673 2046 1733 cui
2074 1672 2122 1732 si
2148 1671 2413 1732 defensio
2440 1672 2550 1731 mi-

332 1769 520 1831 litaris
548 1773 882 1845 accesserit,
913 1769 1185 1833 maledici
1217 1773 1401 1851 possit
1428 1792 1545 1832 non
1571 1772 1816 1848 noceri!
1881 1770 2210 1831 Movebant
2233 1771 2330 1830 hae·
2347 1785 2549 1848 preces

335 1869 564 1931 animos
619 1880 990 1944 cunmorunn
1040 1890 1191 1932 unus
1246 1871 1687 1951 Vercingetorix
1729 1870 1958 1930 cunctis
2000 1868 2300 1940 obstabat,
2350 1868 2450 1947 qui
2490 1877 2553 1929 et

335 1966 463 2045 ipse
489 1967 729 2029 tandem
759 1971 949 2030 victus
980 1967 1377 2032 misericordia
1423 1969 1482 2027 in
1535 1968 1876 2029 sententiam
1924 1976 2270 2026 caeterorum
2305 1964 2550 2026 transiit.

337 2063 431 2123 Sic
458 2064 866 2127 defensoribus
892 2065 1187 2146 rebusque
1214 2065 1345 2126 aliis'
1390 2064 1465 2125 ad
1512 2063 1847 2126 custodiam
1892 2062 2200 2142 oportunis
2239 2081 2312 2122 eo
2362 2072 2549 2123 trans·

337 2160 548 2232 missis,
580 2171 844 2224 servatur
867 2164 1175 2225 Araricum
1218 2182 1253 2224 a
1294 2163 1604 2225 Gallorum
1648 2160 1928 2234 flammis,
1947 2160 2050 2222 sed
2079 2179 2196 2221 non
2225 2160 2304 2220 ab
2331 2158 2553 2221 obsidi-

336 2278 445 2318 one
494 2260 931 2321 Romanorum:
976 2261 1033 2322 in
1078 2280 1202 2341 qua
1243 2261 1484 2339 quidem
1527 2259 1924 2322 obsidentium
1972 2258 2137 2320 sortis
2184 2268 2248 2319 et
2288 2257 2551 2318 animosa

333 2356 646 2416 tolerantia
673 2358 937 2419 emicuit.
1017 2360 1172 2420 Cum
1212 2359 1365 2419 enim
1405 2359 1538 2420 binc
1586 2358 2026 2438 Vercingetorix
2068 2366 2260 2417 castra
2302 2355 2550 2434 propius

335 2454 712 2528 admovisset,
741 2466 802 2518 et
841 2457 918 2518 ab
958 2457 1427 2538 exploratoribus
1451 2476 1561 2538 per
1585 2456 1840 2535 singulas
1868 2456 2040 2517 horas
2068 2454 2213 2536 quid
2243 2453 2302 2514 in
2333 2453 2552 2515 Roma·

336 2553 423 2612 nis
452 2554 664 2614 castris
687 2567 971 2634 ageretur,
996 2555 1263 2625 edoctus,
1312 2576 1482 2616 omne
1509 2555 1625 2616 iter
1664 2574 1863 2615 eorum
1910 2555 2285 2627 observaret;
2327 2560 2388 2613 et
2432 2552 2552 2612 Ro-

335 2654 540 2711 manos
571 2652 793 2711 circum
823 2651 1096 2712 omnibus
1123 2652 1338 2713 exustis
1365 2654 1612 2732 urgente
1637 2652 1983 2714 necessitate
2009 2651 2240 2729 longius
2262 2650 2554 2730 pabulan-

339 2758 443 2818 tes,
476 2748 701 2808 crebris
727 2748 1113 2809 incommodis
1159 2767 1232 2808 ac
1260 2748 1488 2809 (lamnis
1534 2748 1815 2810 afficeret.
1901 2749 2070 2809 lllinc
2101 2768 2239 2811 vero
2267 2747 2440 2809 AEdui
2479 2766 2551 2807 ac

337 2844 473 2923 Boji
499 2845 719 2924 quibus
745 2863 815 2906 ea
844 2864 988 2905 cura
1028 2843 1309 2905 mandata
1336 2853 1496 2907 erat:
1540 2844 1623 2905 illi
1670 2845 1911 2926 quidem
1955 2845 2116 2925 quod
2161 2848 2388 2906 mutato
2414 2864 2558 2925 erga

336 2939 641 3000 Romanos
666 2941 863 3000 aniruo
890 2960 1008 3001 non
1036 2940 1348 3013 curabant,
1380 2942 1439 3001 bi
1461 2961 1704 3023 quoque
1731 2960 1937 3023 pamm
1967 2950 2257 3022 poterant,
2279 2962 2399 3002 rem
2428 2941 2553 3002 Ro-

334 3056 567 3097 manam
596 3036 850 3117 maligne
878 3037 1306 3098 commeatibus
1333 3038 1725 3117 adjuvarent:
1771 3038 1947 3119 [125]
1984 3040 2059 3100 ad
2102 3040 2325 3101 tantam
2372 3058 2558 3119 penu-

335 3133 478 3195 riam
524 3132 874 3206 ⁷⁶devenire,
905 3134 1208 3197 ut·diebus
1234 3134 1502 3214 plurimis
1534 3135 1834 3196 frumento
1860 3146 2123 3197 carentes
2151 3135 2312 3199 tenui
2341 3155 2553 3216 pecore

338 3232 431 3291 vix
463 3229 788 3310 proferrent
818 3231 1166 3293 imbecillem
1198 3233 1496 3313 spiritum:
1540 3253 1842 3313 nunquam
1887 3243 2081 3295 tamen
2127 3235 2204 3294 ab
2248 3253 2557 3313 oppugna·

337 3329 495 3390 tione
524 3340 855 3402 cessarent:
899 3350 1200 3411 nunquam
1245 3334 1336 3392 vel
1386 3332 1535 3393 irata
1585 3332 1677 3392 vel
1719 3333 1914 3392 mollis
1955 3333 2305 3410 cujusquam
2335 3352 2407 3390 ex
2451 3351 2554 3393 ore

334 3446 450 3487 vox
478 3438 838 3506 erumperet:
882 3438 988 3489 aut
1024 3429 1309 3490 Romana
1335 3450 1452 3492 non
1483 3430 1838 3492 couveniens
1867 3430 2174 3509 majestati.
2258 3431 2387 3489 Imo
2416 3449 2554 3490 vero

336 3544 472 3585 cum
512 3527 714 3587 Caesar
761 3525 1021 3588 laborem
1078 3527 1325 3589 militum
1376 3528 1683 3590 miseratus
1726 3529 1877 3589 inter
1922 3526 2351 3589 exhortandum
2395 3546 2554 3606 saepe

336 3622 598 3683 diceret:
643 3624 729 3683 ‘si
756 3622 931 3684 nimis
958 3643 1168 3704 aspera
1198 3635 1333 3687 aunt
1362 3628 1474 3687 ista
1512 3628 1852 3707 progressu,
1886 3625 2056 3686 'nulla
2100 3645 2205 3704 per
2250 3643 2344 3684 me
2392 3642 2555 3684 mora

336 3733 442 3793 est,
492 3722 997 3801 oppugnationem
1047 3724 1315 3785 omittere
1344 3745 1473 3785 sum
1503 3735 1743 3806 paratus
1763 3728 1803 3797 3⁹
1853 3723 2200 3783 unanimiter
2232 3720 2555 3801 responde-

338 3829 507 3879 rent:
574 3825 592 3852 ‘
622 3819 760 3879 Non
810 3818 940 3879 baec
984 3839 1324 3898 quaesnmus
1362 3822 1591 3902 optime
1617 3822 1972 3901 imperator:
2016 3820 2100 3881 sic
2128 3821 2339 3881 multos
2367 3837 2553 3881 annos

338 3927 395 3975 te
416 3918 573 3976 duce
602 3916 1000 3991 militavimus,
1034 3926 1098 3979 ut
1126 3921 1322 3980 nullus
1353 3930 1559 3991 metus,
1591 3919 1902 3980 difficultas
1930 3918 2087 3978 nulla
2129 3937 2236 3978 nos
2279 3916 2551 3997 fregerit:

338 4014 535 4073 nullus
564 4013 822 4073 hostium
852 4014 1025 4075 nobis
1068 4017 1221 4076 lianc
1268 4017 1643 4096 ignominiam
1693 4017 2005 4094 ⁷⁷irrogant
2057 4025 2119 4075 ut
2168 4025 2360 4094 coepta
2390 4014 2554 4076 dese·

338 4129 565 4169 ramus:
634 4129 709 4169 ne.
757 4118 821 4169 tu
876 4130 1016 4189 ergo
1070 4112 1192 4172 dux
1246 4124 1444 4174 noster
1502 4114 1655 4172 hanc
1705 4121 1982 4171 aeternam
2051 4111 2336 4170 maculam
2384 4110 2555 4171 nobis

342 4206 754 4278 ⁷⁸imu1iseris;
802 4208 924 4269 sine
969 4210 1143 4271 modu
1189 4213 1385 4271 omnia
1435 4212 1561 4292 pati
1605 4210 1962 4282 ⁷⁹malimus,
2011 4228 2186 4288 quam
2236 4227 2312 4268 ne
2358 4218 2557 4268 nostra

396 4371 459 4417 ⁷6
496 4368 676 4428 Forte,
693 4368 985 4419 decem—⁷6
1016 4370 1178 4436 Lege,
1199 4372 1570 4423 amera—⁷⁷
1608 4372 1772 4438 Lege,
1795 4371 2126 4435 mogon-rs
2159 4370 2338 4436 Forte,
2374 4369 2552 4422 im

344 4449 568 4499 ria—79
605 4449 768 4514 Lege,
792 4450 1035 4501 malum.
1573 4444 1590 4465 ⁴
