3117 5025
899 441 997 491 na
1044 439 1224 489 vri-A
1268 439 1474 491 sunu
1520 441 1877 492 cassans.
2324 425 2498 496 1843

298 614 489 658 omnes
530 591 780 656 Caesaris
811 592 1015 673 copias
1062 611 1189 652 esse
1226 591 1502 672 perfacile
1522 611 1557 664 ς·
1592 591 1772 672 idque
1810 591 1920 653 sibi
1972 579 2206 654 maturo
2252 580 2500 656 consilio·

291 693 409 773 jam
438 693 769 773 provisum:
801 711 934 771 quae
953 710 1088 750 cum
1119 690 1382 768 pluribus
1412 690 1604 751 verbis
1632 690 2040 769 explicuisset:
2085 691 2379 752 Labienus
2408 692 2500 753 in-'

298 791 465 870 c'epit,
510 801 573 852 et
611 789 884 868 Pompeji
922 789 1262 850 senteutiam
1305 798 1488 867 atque
1530 788 1854 868 potentiam
1883 786 2155 849 laudibus
2181 788 2253 849 ad
2279 789 2508 852 coslum*

295 887 498 958 ferens,
554 898 616 949 ct
667 887 910 948 Caesaris
957 871 1415 946 imbecillitatem
1472 886 1734 946 oratione
1789 884 2122 964 deprimens
2148 887 2444 948 insolenti
2471 908 2491 951 :

299 995 318 1019 ‘
345 986 521 1058 Noli:
548 986 757 1064 inquit,
786 994 854 1044 ‘o
882 984 1147 1063 Pompei,
1161 983 1278 1043 noli
1307 983 1544 1062 inquam
1567 983 1790 1062 opinari
1808 983 1963 1045 hunc
1980 984 2299 1044 exercitum
2327 984 2493 1047 illum

294 1101 411 1142 esse
439 1084 539 1163 qni
567 1083 830 1143 Galliam
872 1079 1373 1159 Germaniamque
1412 1080 1784 1159 perdomuit:
1829 1082 2100 1142 omnibus
2139 1081 2393 1155 interfui,
2432 1093 2494 1145 et

297 1179 432 1259 quid
460 1182 670 1260 loquar
696 1180 856 1241 scio:
898 1200 1016 1240 nou
1043 1188 1136 1240 est
1164 1179 1280 1253 ille,
1324 1179 1464 1239 mibi
1491 1181 1700 1242 crede:
1749 1179 1940 1258 major
1965 1200 2099 1260 pars
2125 1180 2282 1240 b‘ello
2318 1181 2496 1259 periit

293 1274 592 1339 diuturno:
665 1276 991 1336 moriuntur
1042 1274 1100 1334 in
1149 1277 1385 1355 proeliis,
1431 1297 1549 1337 non
1604 1283 1925 1339 nascuntur
1968 1278 2230 1354 homines
2254 1300 2270 1342 :
2305 1276 2492 1339 'multi

292 1371 525 1435 domum
553 1372 794 1446 rediere,
814 1372 983 1433 multi
1005 1374 1064 1432 in
1094 1373 1263 1433 Italia
1291 1382 1427 1435 sunt
1453 1373 1657 1447 relicti,
1685 1375 1851 1435 multi
1874 1375 2140 1454 proxima
2167 1376 2492 1440 autumnali

288 1471 628 1551 pestilentia,
684 1471 921 1551 reliquae
964 1471 1053 1532 his
1106 1469 1183 1532 ad
1233 1472 1594 1533 Durachium
1641 1473 1857 1553 proeliis
1912 1481 2052 1533 sunt
2097 1475 2489 1553 consumptae.

292 1568 558 1649 Denique
588 1567 683 1628 ille
711 1577 1017 1630 veteranus
1042 1567 1331 1629 exercitus
1357 1568 1516 1629 mille
1543 1569 1733 1630 modis
1760 1570 2021 1633 evanuit:
2055 1590 2267 1632 nomen
2293 1571 2485 1643 durat,

289 1664 489 1726 milites
517 1685 638 1726 non
668 1674 1014 1745 supersunt:
1062 1665 1159 1726 bic
1203 1674 1399 1725 antem
1430 1685 1606 1745 quem
1635 1665 1866 1740 videtis,
1893 1688 1962 1728 ex
2014 1667 2288 1728 ⁵⁸dilecto
2328 1688 2487 1729 novo

290 1761 587 1844 cisalpinas
607 1763 841 1836 Galliae,
862 1763 1035 1843 [205]
1062 1773 1125 1824 et
1145 1782 1281 1843 pars
1302 1763 1492 1841 major
1518 1785 1592 1825 ex
1608 1764 2047 1844 Transpadanis
2075 1767 2347 1826 constat.'
2373 1765 2484 1828 His

286 1858 451 1920 dictis
496 1880 577 1921 ne
605 1859 747 1939 quid
776 1860 1007 1921 deesset
1049 1860 1302 1932 insaniae,
1324 1858 1551 1937 juravit
1578 1881 1639 1921 se
1678 1861 1786 1920 nisi
1817 1863 2092 1922 victorem
2123 1882 2422 1942 nunquam
2450 1884 2486 1924 e

282 1959 476 2038 proelio
519 1961 925 2022 reversurum:
984 1965 1345 2038 caeterosque
1373 1957 1451 2017 ad
1481 1957 1637 2018 idem
1667 1958 2095 2038 jusjurandum
2124 1960 2313 2021 verbis
2342 1962 2487 2021 inci-

286 2055 448 2118 tavit:
493 2075 613 2117 nec
654 2055 848 2115 minus
890 2057 1161 2135 exemplo
1207 2055 1550 2134 Pompejus,
1599 2055 1825 2122 dictum
1853 2057 2120 2131 laudans,
2160 2058 2485 2138 juransque

290 2152 584 2214 similiter:
617 2152 704 2214 sic
732 2172 932 2213 omnes
962 2151 1138 2233 igitur
1163 2152 1535 2231 juraverunt,
1564 2163 1633 2214 ut
1659 2173 1902 2214 necesse
1932 2153 2100 2215 ⁵⁹suit
2126 2156 2340 2217 multos
2357 2176 2485 2217 esse

286 2250 574 2330 perjuros:
622 2250 848 2331 ingenti
873 2249 1089 2329 gaudio
1116 2259 1395 2330 tanquam
1436 2249 1688 2313 feliciter
1714 2252 1887 2313 rebus
1911 2253 2090 2332 gestis
2116 2272 2225 2314 nec
2271 2251 2488 2315 minori

283 2366 395 2426 spe,
422 2368 456 2409 e
483 2346 738 2409 consilio
764 2347 1179 2418 discesserunt,
1218 2349 1621 2427 juramentum
1648 2350 1797 2411 tanti
1822 2350 1993 2411 ducis
2020 2351 2095 2411 de
2125 2360 2244 2411 tam
2271 2370 2486 2431 magna

283 2462 338 2503 re
354 2441 585 2506 ⁶⁰velud
614 2463 772 2506 aram
796 2444 1061 2506 victoriae
1087 2453 1372 2507 tenentes.
1426 2446 1694 2526 Digressi
1720 2455 1919 2509 autem
1940 2468 1973 2508 e
1994 2448 2256 2523 consilio,
2271 2435 2493 2510 nonita

280 2543 453 2605 multo
477 2552 620 2624 post
649 2551 716 2603 ut
738 2542 991 2605 diximus
1015 2542 1073 2602 in
1101 2542 1285 2603 aciem
1308 2552 1442 2604 sunt
1462 2545 1786 2624 progressi:
1835 2564 1985 2623 quos
2013 2546 2117 2605 ubi
2137 2546 2335 2606 Caesar
2358 2554 2484 2606 tum

280 2638 393 2719 ipse
419 2641 599 2702 etiam
645 2646 839 2700 castra
883 2658 1122 2700 movens
1152 2638 1406 2699 advertit
1434 2638 1493 2699 in
1541 2659 1675 2699 eum
1723 2641 1921 2701 locum
1960 2641 2357 2716 descendisse,
2380 2642 2485 2703 ubi

282 2755 444 2817 aequo
474 2739 672 2798 Marte
699 2736 905 2797 certari
929 2746 1147 2818 posset,
1177 2736 1475 2807 substitit:
1525 2747 1586 2798 et
1624 2758 1942 2799 conversus
1968 2740 2043 2800 ad
2073 2759 2247 2805 suos:
2298 2749 2316 2775 ‘
2343 2740 2486 2800 Non

282 2839 398 2906 est:
424 2834 639 2916 inquit,
687 2841 708 2869 ‘
733 2833 913 2895 modo
932 2834 1181 2914 amplius
1209 2833 1286 2895 de
1325 2834 1530 2896 itinere
1559 2835 1659 2895 sed
1690 2835 1767 2897 de
1808 2837 2014 2916 proelio
2053 2836 2478 2902 laborandum:

280 2930 434 2993 adest
473 2952 624 2995 ecce
663 2931 837 2994 nobis
881 2932 1121 2993 occasio
1178 2950 1356 3012 qnam
1411 2953 1644 3013 semper
1684 2934 2019 3014 optavimus
2070 2934 2395 3015 pugnandi,
2422 2942 2488 2996 et

282 3026 443 3091 finem
471 3029 779 3092 laboribus
807 3028 1196 3109 imponendi:'
1220 3030 1349 3090 haee
1377 3030 1582 3091 dicens
1611 3031 1895 3092 instruere
1916 3031 2070 3092 acies
2100 3031 2298 3110 coepit,
2321 3030 2482 3093 omni

283 3126 444 3205 cujus
488 3136 619 3188 erat
643 3124 1033 3205 ⁶'potissimus
1075 3125 1309 3187 militari
1349 3136 1507 3190 arte:
1554 3147 1807 3209 suosque
1833 3130 2062 3190 interim
2088 3127 2480 3203 ⁶²adm'overe,

280 3239 347 3282 ne
381 3244 443 3285 se
481 3245 519 3285 a
565 3221 940 3284 multitudine
982 3221 1242 3283 hostium
1270 3224 1677 3286 circumveniri
1714 3226 2004 3287 sinerent:
2045 3226 2165 3287 sive
2210 3226 2270 3286 id
2315 3227 2480 3306 quod

281 3318 598 3401 Pompejus
642 3320 702 3380 in
751 3320 1003 3382 consilio
1057 3320 1286 3381 dixerat
1332 3322 1644 3402 erupisset,
1689 3320 1812 3383 sive
1857 3324 1917 3382 id
1977 3324 2234 3385 futurum
2264 3326 2481 3398 animo,

279 3412 616 3499 &praesagio
644 3419 1048 3498 concepisset:
1079 3419 1348 3480 omnibus
1366 3419 1588 3497 jubens
1613 3441 1685 3480 ne
1713 3420 1933 3500 injussu
1961 3422 2091 3501 ejus
2119 3410 2478 3501 inciperent:

276 3532 335 3572 se
379 3517 436 3574 in
478 3526 749 3595 tempore
777 3515 919 3594 quid
946 3517 1242 3596 agendum
1290 3528 1436 3578 esset
1478 3518 1645 3597 signo
1691 3519 2123 3580 indicaturum:
2172 3518 2479 3579 circumire

275 3608 402 3673 inde
425 3613 605 3688 acies,
628 3623 688 3673 et
714 3613 939 3674 animos
968 3614 1158 3676 verbis
1184 3614 1524 3687 accendere,
1547 3616 1941 3695 virtutemque
1968 3614 2199 3675 insitam
2223 3606 2494 3676 excitare'

276 3709 824 3771 commemoratione
863 3731 1001 3791 erga
1038 3710 1163 3771 illos
1201 3730 1433 3790 semper
1478 3712 1719 3791 optimae
1773 3734 1843 3772 ac
1895 3712 2179 3772 beneficae
2219 3709 2498 3771 ⁶4volun-'

280 3812 419 3867 tates
446 3808 598 3868 inter
625 3807 741 3868 alia
766 3826 887 3867 non
915 3807 1131 3878 omisit,
1161 3828 1219 3868 se
1244 3808 1521 3869 omnibus
1549 3811 1739 3870 modis
1769 3828 1976 3889 pacem
2009 3809 2345 3890 quaesivisse
2368 3832 2385 3880 ;
2415 3818 2479 3870 et

281 3900 549 3963 humilius
571 3905 725 3965 forte
766 3905 941 3967 etiam
969 3924 1147 3985 quani
1197 3905 1457 3967 deceret.
1498 3908 1859 3979 Nominavit,
1902 3927 2008 3986 per
2054 3926 2205 3985 quos
2232 3906 2305 3966 de
2333 3924 2479 3985 pace

275 3996 620 4083 Pompejum
646 4011 752 4063 aut
792 4003 1127 4082 Scipionem
1157 4000 1595 4085 interpellasset,
1628 4016 1693 4065 ut
1722 4005 1953 4085 publice
1979 4005 2155 4066 etiam
2179 4003 2479 4084 ’Tampsi

331 4162 395 4209 58
423 4160 587 4227 Lege,
608 4163 804 4216 dila-tm
805 4168 937 4214 —69
969 4165 1145 4229 Forte,
1169 4166 1328 4228 faerit
1334 4170 1480 4217 .—60
1513 4138 1675 4233 Lege,
1688 4168 1815 4216 velat
1835 4167 2185 4218 mnam—431
2208 4166 2367 4231 Lege,
2392 4179 2476 4230 pe·

277 4232 671 4297 ricinium—62
724 4246 884 4310 Lege,
920 4247 1309 4298 adsumme—6⁸
1355 4248 1535 4313 Forte,
1573 4263 1810 4314 poesugo,
1843 4253 1937 4299 aut
1974 4246 2124 4300 ωιίηιί
2153 4242 2477 4313 presagio}—

278 4320 338 4370 u
367 4321 1516 4396 lageetdistinguezoolnmeatia.1nteraua.
1613 4329 1622 4335 ’
