3117 5025
964 380 1063 430 m:
1110 380 1289 430 vri-A
1338 381 1543 432 sumt
1593 370 2558 439 cAESAms.1895

354 526 490 589 ille
472 547 752 588 innocens
780 547 980 607 poenas
1009 529 1197 590 dedit.
1284 533 1427 592 Post
1467 532 1598 592 haec
1633 533 1933 594 Numidici
1972 534 2184 614 lapidis
2212 537 2550 630 columnam

349 626 405 685 in
429 625 633 686 eodem
662 626 800 685 loco
844 628 1043 704 posuit
1071 628 1273 705 viginti
1300 629 1514 707 pedum
1545 630 1890 700 altitudinis,
1939 629 2052 690 ⁶⁸in
2101 633 2398 711 scipcione
2442 635 2552 695 ad-

346 724 481 797 dita,
513 725 776 784 Parentt‘
792 726 1060 805 patriae:
1108 726 1180 785 ad
1215 746 1392 805 quam
1440 737 1501 787 et
1545 727 1874 788 sacrificare
1912 737 1974 789 et
2000 749 2210 790 vovere
2254 740 2314 792 et
2347 731 2553 811 jurare

343 840 445 899 per
467 823 756 884 Caesarem
784 822 1005 882 diutius
1034 823 1412 884 observatum
1440 833 1549 886 est.
1633 825 1809 885 Periit
1854 845 2009 885 auno
2056 828 2243 888 aetatis
2271 845 2368 891 vt.
2399 840 2459 891 et
2487 846 2548 891 1..

341 919 552 981 relatus
599 929 692 981 est
737 920 798 980 in
838 940 1080 980 numero
1110 922 1393 995 Deorum,
1423 942 1542 983 non
1571 922 1751 984 modo
1798 923 2131 1004 principum
2171 926 2552 1000 auctoritate,

344 1017 441 1078 sed
468 1017 748 1097 opinione
776 1018 949 1078 etiam
970 1019 1280 1097 populari:
1322 1039 1459 1079 nam
1503 1019 1660 1080 ludis
1710 1040 1859 1099 quos
1903 1019 1987 1082 ibi
2028 1023 2323 1100 Augustus
2350 1024 2554 1086 caesar

341 1113 521 1176 hoeres
568 1117 704 1195 ejus
752 1116 1017 1189 instituit,
1047 1116 1255 1177 crinita
1305 1117 1579 1197 quaedam
1624 1103 1789 1177 stella
1831 1134 1958 1178 vn.
2005 1117 2296 1178 continuis
2338 1118 2550 1183 diebus

334 1211 491 1274 circa
517 1231 626 1276 ιιι.
657 1214 857 1274 horam
886 1215 1035 1275 lucis
1062 1215 1368 1295 apparuit:
1412 1234 1876 1296 persuasumque
1914 1224 2004 1276 est
2041 1212 2338 1277 ⁶⁹crndele
2364 1217 2549 1296 plebi,

341 1308 580 1372 Caesaris
623 1331 752 1373 esse
798 1312 1052 1372 animam
1100 1312 1158 1371 in
1208 1312 1426 1373 coelum
1471 1311 1740 1373 admissi:
1786 1332 1905 1393 quo
1949 1311 2221 1391 profecto
2264 1312 2390 1373 aliis
2418 1315 2550 1404 viis,

340 1427 510 1486 quam
557 1410 761 1483 armis,
807 1420 869 1472 et
914 1410 1108 1483 bellis,
1157 1411 1403 1492 aliisque
1446 1431 1629 1492 quam
1680 1411 1757 1472 de
1803 1419 2028 1472 armato
2073 1412 2245 1472 hoste
2287 1411 2548 1473 victoriis

334 1516 504 1586 atque
534 1506 849 1586 triumphis
891 1509 1244 1569 ascenditur.
1282 1573 1287 1580 ‚
1328 1510 1524 1589 Hujus
1571 1509 1758 1571 stellae
1803 1516 1864 1569 et
1887 1508 2167 1588 Virgilius
2207 1515 2389 1587 poeta
2428 1530 2551 1571 me-

336 1603 496 1664 minit
523 1605 581 1664 in
619 1604 908 1665 Bucolico
939 1607 1218 1679 carmine,
1248 1614 1309 1668 et
1356 1608 1772 1669 simulachrum
1816 1608 2013 1688 ipsum
2041 1607 2286 1670 Caesaris
2331 1604 2549 1684 ⁷‘’judi-7

296 1701 445 1778 ‚cio,
490 1702 670 1781 cujus
697 1702 757 1765 in
783 1704 1001 1765 vertice
1030 1704 1199 1765 stella
1226 1713 1338 1765 est.
1420 1705 1696 1783 Denique
1745 1705 2131 1784 opprobrium
2174 1702 2343 1776 illud,
2382 1702 2546 1783 quod

332 1802 627 1881 conjurati
654 1801 713 1861 in
741 1802 1064 1863 extinctum
1091 1800 1357 1861 meditati
1383 1810 1569 1873 erant,
1610 1800 1801 1880 primo
1846 1800 2085 1879 quidem
2126 1800 2184 1860 in
2212 1808 2442 1880 tempus
2470 1819 2543 1861 ae

330 1899 523 1961 locum
569 1899 759 1960 caedis
809 1918 1042 1960 versum
1090 1905 1211 1958 est:
1254 1916 1390 1958 nam
1438 1905 1500 1957 et
1553 1897 1775 1957 curiam
1826 1897 2013 1977 ipram
2060 1917 2170 1957 ceu
2221 1897 2543 1958 infaustum

331 1998 517 2060 locum
539 1997 745 2060 claudi
765 1999 999 2078 jussum
1020 2005 1138 2058 est:
1171 1995 1470 2075 hodieque
1489 1997 1778 2075 praeclusa
1806 1995 2024 2077 vixque
2044 1995 2405 2057 accessibilis
2431 2006 2544 2058 est.

331 2097 505 2159 ”Diis
534 2097 788 2160 Martias
816 2095 1199 2176 parricidium
1223 2094 1588 2168 nominari⁷²,
1619 2096 1735 2156 hoc
1762 2093 2028 2173 adjecto,
2056 2115 2130 2155 ne
2156 2113 2416 2174 unquam
2444 2093 2543 2155 die

331 2194 428 2257 illo
455 2204 699 2258 senatus
730 2195 1065 2257 haberetur.
1146 2193 1449 2255 ⁷³Dictum
1477 2193 1654 2254 etiam
1683 2193 1741 2253 iu
1782 2194 1940 2273 ipsos
1978 2192 2191 2255 ”sedis
2234 2201 2539 2276 auctorest

337 2313 575 2372 quorum
606 2294 802 2354 utullus
831 2293 1082 2354 triennio
1108 2292 1362 2373 amplius
1391 2292 1730 2371 supervixit,
1759 2292 1956 2353 nullus
1986 2300 2170 2353 morte
2198 2291 2345 2353 obiit
2374 2300 2546 2353 natu·

329 2391 453 2452 tali:
495 2391 765 2453 damnati
793 2411 995 2452 omnes
1023 2390 1267 2452 diversis
1298 2391 1602 2454 eventibus
1629 2390 1872 2473 periere,
1900 2389 1997 2451 alii
2030 2389 2354 2471 naufragio,
2384 2390 2541 2453 bello

331 2488 438 2563 alii,
467 2488 771 2571 ⁷⁵quidem
815 2489 1023 2568 seipso.
1039 2487 1257 2569 gladio,
1301 2508 1423 2570 quo
1469 2489 1765 2549 Caesarem
1813 2488 2277 2561 vulneraverant,
2305 2487 2543 2550 occide-

333 2595 476 2660 runt,
505 2596 574 2648 ut
602 2586 904 2648 evidenter
930 2587 1360 2662 ostenderetur,
1404 2586 1630 2650 caedem
1657 2587 1814 2648 illam
1840 2606 1952 2648 nec
1980 2587 2113 2648 Deo
2155 2606 2265 2646 nec
2293 2584 2541 2699 homini·

330 2683 433 2745 bus
460 2683 780 2766 placuisse.

883 2813 1187 2900 Explicit
1214 2816 1436 2883 Liber.
1525 2816 1681 2883 Deo
1710 2816 1974 2901 gratias.

358 2995 451 3047 68
484 2992 651 3057 Lege,
678 2990 1134 3059 fiucripeionaee-oo
1180 2993 1342 3058 Lege,
1383 2992 1601 3043 ereduloe.
1602 2994 1734 3042 -70
1779 2992 1955 3055 Forte,
1999 2989 2325 3043 indicate—⁷1
2361 2992 2544 3058 Forte,

330 3072 591 3124 Idea—⁷2
626 3072 789 3123 Forte
827 3073 1141 3141 addendum,
1159 3075 1489 3140 placata—⁷8
1523 3075 1703 3142 Forte,
1745 3075 2089 3129 Versum-'14
2121 3073 2285 3140 laege,
2314 3074 2538 3128 ndis,-

329 3155 385 3201 ⁷⁶
418 3153 576 3222 Lege,
596 3154 790 3220 mm
810 3155 1001 3222 ceipene.
