3117 5025
594 409 768 485 1724
1240 429 1299 480 s.
1346 426 1560 477 cust
1609 419 2144 474 COMMENTARU
2177 419 2189 462 ·.

593 578 777 639 nerali
817 575 1216 638 exhortatione
1266 562 1605 644 sollicitans,
1653 592 1761 632 nec
1807 570 2035 650 praeire,
2084 568 2186 629 sed
2239 561 2301 628 se
2346 566 2512 645 sequi
2541 566 2788 644 jubens,

593 659 939 751 reintegrare
969 692 1221 752 pugnam
1244 671 1367 749 jam
1398 671 1795 749 languentem:
1828 668 1962 728 binc
1981 685 2180 726 amore
2198 664 2389 737 ducis,
2411 664 2550 724 binc
2571 663 2793 741 pudore

596 770 907 848 compulit.
992 769 1271 829 Crederes
1300 768 1466 827 unius
1492 766 1673 826 animi
1721 765 1902 824 robur
1950 775 2127 842 atque
2170 762 2440 822 ardorem
2488 761 2547 819 in
2591 777 2790 819 omnes

594 866 789 926 subita
818 865 1194 945 inspiratione
1237 862 1538 935 diffusum,
1587 871 1937 942 tantumque
1975 880 2087 920 vox
2137 859 2305 920 ducis
2353 868 2410 919 et
2455 858 2792 937 exemplum

596 963 873 1023 ’'fervide
899 983 1102 1023 omnes
1132 963 1477 1039 fortiterque
1507 969 1860 1039 pugnarent:
1904 967 1964 1018 et
1992 959 2093 1037 qui
2121 958 2181 1017 in
2211 958 2403 1036 fugam
2431 956 2577 1016 verti
2604 967 2796 1033 c'oepe—

596 1069 753 1132 runt,
782 1061 971 1139 etqui
1000 1059 1334 1119 vulneribus
1383 1057 1788 1126 tardabantur,
1840 1056 2012 1115 simul
2061 1056 2118 1116 in
2160 1055 2360 1115 hostes
2402 1055 2570 1113 vultu
2617 1062 2795 1130 atque

596 1156 801 1217 animis
829 1157 977 1216 versi
1023 1158 1402 1217 mutationem
1447 1173 1639 1214 rerum
1677 1152 1830 1213 adeo
1858 1153 2219 1232 repentinam
2249 1163 2552 1232 peperere,·
2595 1159 2661 1210 nt
2700 1150 2796 1208 vix

599 1252 761 1314 credi
810 1262 1029 1333 posset,
1094 1254 1383 1314 exercitus
1434 1253 1564 1313 illos
1616 1271 1762 1322 esse,
1813 1251 1917 1330 qui
1972 1251 2152 1329 paulo
2205 1259 2340 1309 ante
2393 1247 2794 1309 conflixerant.

594 1350 798 1410 Nervii
826 1351 1004 1411 modo
1032 1351 1282 1410 victores
1330 1349 1471 1410 victi
1497 1348 1655 1409 illico
1685 1347 1981 1427 deletique
2011 1357 2204 1420 suut;‘
2223 1366 2339 1407 non
2381 1346 2553 1406 multi
2582 1355 2793 1414 tamen,

595 1459 719 1507 nec·
737 1454 802 1506 ut
829 1447 994 1507 dictu
1024 1446 1108 1507 sic
1137 1457 1199 1508 et
1226 1447 1389 1508 factu
1419 1447 1623 1520 facile;
1668 1465 1874 1526 nempe
1921 1464 2159 1505 suorum
2207 1443 2589 1505 cadaveribus
2617 1442 2797 1502 iusis-

594 1551 804 1612 tentes,
836 1543 1114 1623 factoque
1141 1565 1214 1604 ex
1242 1544 1312 1604 iis
1340 1539 1637 1604 ⁷⁶cu'mulo
1664 1553 1729 1603 nt
1757 1543 1925 1622 quasi
1954 1542 2030 1603 de
2056 1543 2184 1602 loco
2212 1542 2413 1602 altiore
2441 1550 2793 1620 pugnarent,

597 1657 786 1717 usque
812 1638 888 1699 ad
921 1650 1167 1700 mortem
1195 1638 1346 1700 forte
1387 1640 1754 1719 propositum
1796 1650 2136 1702 tennerunt:
2181 1638 2351 1718 fregit
2381 1649 2574 1698 tamen
2598 1656 2795 1698 eorum

595 1737 974 1815 pertinaciam
1002 1738 1262 1800 Romana
1299 1738 1749 1817 perseverantia:
1796 1739 1880 1798 sic
1912 1747 2211 1798 nutantem
2238 1737 2652 1815 labentemque
2677 1733 2797 1795 for-

596 1844 799 1896 tunam
828 1837 1132 1916 publicam
1163 1837 1337 1897 unius
1369 1837 1473 1896 viri
1502 1837 1683 1896 virtus
1733 1835 2102 1914 felicitasque
2134 1834 2425 1895 sustinuit.
2508 1834 2687 1894 Senes
2724 1853 2824 1893 ac*

593 1931 824 1993 feminae
853 1935 1137 2013 puerique
1163 1954 1313 2013 quos
1341 1954 1480 1994 cum
1503 1933 1759 1994 fortunis
1786 1933 1907 1993 suis
1936 1933 2205 1993 omnibns
2225 1930 2426 1992 Nervii
2448 1931 2507 1991 in
2527 1929 2798 2011 proelium

593 2038 867 2090 exeuntes
894 2031 953 2089 in
983 2030 1303 2111 paludibus
1332 2033 1540 2109 procul
1569 2030 1947 2100 abdiderant:
1991 2030 2194 2091 audita
2239 2049 2479 2089 suorum
2512 2027 2700 2101 clade,
2731 2035 2800 2088 nt

593 2124 734 2185 nihil
758 2145 1004 2203 usquam
1035 2127 1298 2186 clausum
1326 2126 1515 2199 victis,
1544 2127 1625 2186 sic
1653 2127 1969 2188 victoribus
1998 2127 2140 2187 nihil
2168 2126 2531 2206 ⁷⁷imperinm
2560 2126 2801 2205 opinan-

594 2234 700 2295 tes,
723 2224 1022 2284 communi
1050 2225 1311 2284 omnium
1340 2224 1721 2303 superstitum
1750 2225 1992 2286 consilio
2020 2245 2126 2305 per
2166 2225 2388 2303 legatos
2414 2243 2540 2284 sese
2581 2221 2801 2283 Caesari

596 2318 977 2382 ⁷⁸dederunt:
1020 2330 1081 2381 et
1129 2330 1193 2380 ut
1248 2321 1509 2401 publicae
1561 2321 1921 2402 professione
1979 2322 2227 2382 miserim
2281 2320 2508 2380 facilius
2560 2318 2800 2380 victoris

595 2416 1050 2478 misericordiam
1083 2418 1489 2497 impetrarent;
1531 2421 1817 2501 populum
1864 2420 2210 2480 Nerviorum
2261 2439 2294 2478 a
2323 2418 2624 2496 sexaginta
2649 2415 2801 2476 mili-

594 2514 706 2575 bus
733 2515 807 2575 ad
840 2516 1229 2596 quingentos:
1275 2528 1538 2579 senatum
1587 2538 1622 2579 a
1669 2519 1956 2580 sexcentis
1995 2517 2070 2579 ad
2119 2527 2236 2579 tres
2265 2517 2484 2577 redisse
2514 2532 2798 2575 memora-

598 2609 760 2672 bant.
843 2613 1126 2673 Misertus
1153 2621 1240 2674 est
1279 2616 1480 2676 Coesar
1518 2608 1848 2676 fortissimae
1874 2615 2085 2695 gentis,
2130 2623 2190 2694 et
2234 2612 2542 2692 ”reliquas
2583 2608 2800 2672 liberas

596 2708 715 2767 suis
746 2708 831 2769 uti
858 2710 1082 2791 legibus
1112 2711 1321 2782 sanxit,
1353 2713 1754 2792 praecepitque
1783 2711 2045 2773 finitimis
2073 2731 2147 2771 ne
2176 2711 2305 2790 quis
2334 2730 2535 2771 eorum
2566 2709 2802 2771 calami-

595 2805 814 2866 tatibus
853 2807 1178 2869 insnltaret.
1263 2809 1515 2883 Aduaci‚
1539 2811 1645 2891 qui
1672 2821 1739 2871 ut
1765 2810 2020 2871 diximus
2048 2828 2224 2889 opem
2252 2808 2485 2869 Nerviis
2509 2806 2797 2880 ferebant,

595 2902 1037 2997 andit'o‘proelii
1087 2907 1261 2984 hujus
1301 2918 1536 2980 eventu,
1566 2908 1699 2987 [52]
1729 2928 1887 2968 suam
1936 2907 1994 2966 in
2042 2906 2290 2986 patriam
2338 2904 2577 2977 rediere,
2618 2924 2799 2985 seque

596 3008 805 3059 omnes‘
841 3001 898 3060 in
954 3002 1156 3064 ⁸⁰ferte
1212 3024 1392 3064 unum
1447 3025 1521 3066 ac
1577 3007 1864 3066 munitum
1907 3003 2154 3084 opidum
2202 3003 2515 3064 abdidere:
2559 3003 2642 3062 ibi
2698 3022 2797 3062 eos

597 3094 796 3154 Caesar
839 3096 1152 3159 obsidione
1202 3101 1518 3173 conclusit,
1551 3092 1999 3180 qui'machinas
2044 3101 2257 3180 procul
2305 3100 2572 3173 ”intuitu
2599 3092 2800 3160 irride·

601 3190 764 3262 bant,
784 3195 1259 3273 quaerebantque
1302 3195 1379 3256 de
1427 3217 1617 3269 muro,
1650 3194 1865 3277 quibus
1889 3198 2018 3258 illas
2059 3188 2286 3258 viribns'
2316 3190 2553 3268 mot'uri;
2583 3188 2798 3276 quibus

596 3288 866 3347 manibus
895 3290 1064 3350 laturi
1114 3294 1329 3367 essent,
1360 3294 1604 3355 tantillae
1640 3294 1976 3374 praesertim'
2000 3296 2260 3356 hemines
2303 3304 2571 3355 staturae:
2613 3294 2801 3355 solent

596 3383 748 3441 enim
804 3378 928 3463 p'rae
977 3407 1212 3448 suorum
1268 3392 1425 3451 mole
1494 3411 1805 3471 corporum
1856 3402 2057 3471 gentes
2114 3392 2416 3454 ⁸²Arthoae
2445 3384 2799 3453 ‘Romanam

596 3496 869 3557 spernere
898 3483 1391 3547 mediocritatem:
1444 3488 1636 3566 ⁸³post
1667 3488 1963 3548 admoveri
1991 3489 2168 3549 muris
2215 3491 2534 3551 machinas*
2559 3502 2803 3570 aspexe-

594 3584 747 3648 runt,
779 3576 1005 3638 insueto
1034 3590 1094 3640 et
1144 3600 1441 3662 nunquam
1489 3585 1632 3644 alias
1678 3585 1800 3645 viso
1847 3588 2188 3666 spectaculo
2217 3588 2555 3667 stupefacti,
2581 3576 2803 3667 legatos

592 3670 668 3731 ad
701 3673 989 3736 Caesarem
1021 3678 1417 3751 destinarunt;
1466 3698 1717 3760 quorum
1768 3703 1915 3743 unns
1961 3684 2019 3745 in
2064 3685 2216 3746 banc
2247 3688 2592 3748 sententiam
2620 3687 2801 3748 verba

594 3766 756 3831 fecit.
840 3773 1185 3836 ‘Credimus
1224 3797 1261 3836 o
1307 3780 1560 3838 Romani
1604 3800 1709 3841 vos
1737 3802 1852 3843 nou
1884 3783 2009 3844 sine
2033 3783 2252 3845 coelesti
2279 3784 2499 3845 auxilio
2524 3783 2804 3867 praelim-i„¹

594 3842 698 4013 qui
727 3866 856 3929 baec
877 3871 1150 3933 onmibus
1178 3874 1558 3955 impossibilia
1585 3886 1706 3940 tam
1736 3879 2157 3944 “inumenbilt
2182 3878 2463 3945 facilmte
2481 3877 2795 3961 perficitis·

656 4121 720 4167 ⁷⁶
756 4119 923 4172 Deest
957 4124 1125 4184 valna,
1161 4130 1215 4175 ut
1252 4132 1344 4178 aut
1376 4129 1544 4183 simile
1583 4132 1725 4199 qnid.
1727 4138 1859 4186 —76
1890 4135 2067 4197 Forte,
2084 4136 2409 4187 emh—⁷⁷
2442 4135 2601 4199 Lege,
2626 4133 2800 4199 ⁶⁸4⁸·-

590 4197 723 4248 ἀοι
725 4204 872 4250 .--78
906 4202 1065 4268 Lege,
1106 4206 1401 4260 dedamur.
1403 4216 1534 4263 —79
1583 4213 1746 4279 Lege,
1783 4213 2156 4280 reliquia-eo
2190 4217 2367 4279 Forte,
2398 4214 2534 4275 sorte
2566 4226 2802 4264 m·—

590 4281 656 4332 st
679 4280 1196 4349 &nquam-ss
1219 4287 1742 4357 unwanum-as
1766 4297 1925 4364 ugo,
1938 4302 2339 4367 punem-⁸4
2358 4290 2776 4365 somme-un.
