3117 5025
612 379 790 450 loez
1263 401 1326 451 s.
1370 401 1584 452 cansl
1633 402 2172 456 coMuBN'rAnn

613 540 851 620 quantis
877 540 1137 621 denique
1174 545 1350 607 rebus
1375 546 1503 608 aliis
1528 555 1681 628 opus‘
1727 548 1907 611 fuisse
1944 559 2130 631 qna'm·
2152 549 2401 622 somnio,
2431 550 2563 632 quis
2590 572 2712 614 non
2739 554 2824 614 vi-

612 636 754 698 det'l
811 638 1047 700 Dehinc
1086 641 1274 703 aedilis
1311 643 1504 706 factus
1533 656 1653 706 est:
1699 667 1819 728 quo
1847 658 2116 729 tempore
2143 650 2203 709 in
2231 649 2624 728 suspicionem·
2656 670 2823 730 mag⁶

611 752 750 795 nam
782 737 967 797 venit:
1009 758 1128 816 non
1157 740 1334 802 semel
1371 742 1572 814 modo,
1610 742 1712 804 sed
1741 743 1960 824 pluries
2000 748 2366 825 conspirasse
2393 746 2655 826 creditur
2679 757 2821 807 cum

610 831 750 896 viris
777 832 1118 914 insignibus,
1151 847 1214 897 ut
1239 846 1430 899 totum
1453 848 1669 906 statum
1698 840 2042 920 reipublicae
2069 843 2458 921 perturbaret.
2522 841 2640 903 Sed
2662 864 2821 905 nunc

610 947 717 1002 seu
744 931 1107 1010 poenitentia,
1132 954 1235 996 seu
1272 946 1454 1009 metu,
1482 957 1642 998 nunc
1671 950 1860 1000 morte
1887 941 2358 1020 conspiratorum
2387 940 2604 1000 effectu
2632 941 2824 1002 consi-

608 1025 751 1087 lium
781 1015 1051 1093 caruisse.
1138 1033 1208 1094 In
1234 1035 1611 1100 ea.aedilitate
1636 1037 1824 1098 multa
1843 1037 1986 1099 fecit
2004 1060 2076 1100 ac
2103 1037 2418 1118 magnifica
2446 1037 2522 1098 ad
2550 1046 2820 1100 ornatum

610 1125 794 1200 urbis,
840 1149 1097 1208 quorum·
1132 1132 1391 1194 omnium
1434 1135 1557 1216 ipse
1587 1134 1747 1195 solus
1789 1137 2037 1198 excluso
2081 1137 2314 1216 collega
2341 1135 2545 1216 populi
2574 1136 2821 1214 gratiam

607 1236 985 1314 consecutus,
1014 1246 1371 1309 speransque
1396 1232 1479 1291 nil
1508 1234 1621 1294 sibi
1663 1242 1940 1313 negatum
1976 1233 2066 1307 iri,
2094 1234 2227 1314 [ιι]
2255 1234 2503 1294 tentavit
2527 1243 2690 1293 extra
2731 1253 2824 1293 or-

609 1316 808 1381 dinem
857 1321 1178 1403 AEgyptum
1227 1328 1589 1405 provinciam
1634 1331 1908 1410 adipisci,
1969 1332 2132 1412 quod
2188 1329 2567 1392 Alexandrini
2625 1349 2820 1409 regem

608 1435 785 1480 suum
808 1420 956 1480 solio
985 1421 1365 1501 dejecissent:
1410 1429 1511 1488 sed
1555 1430 1633 1490 ab
1686 1431 2067 1512 optimatibus
2104 1431 2446 1511 impeditus,
2476 1440 2539 1490 ut
2568 1450 2688 1510 quo
2717 1449 2826 1510 po-

609 1523 766 1578 terat
818 1516 1000 1578 modo
1055 1540 1119 1580 se
1172 1520 1250 1582 de
1297 1522 1408 1584 illis
1462 1527 1812 1601 vindicaret,
1869 1528 1928 1589 in
1975 1529 2209 1590 illorum
2264 1538 2626 1589 contemtum
2682 1526 2824 1587 Gaii

607 1610 786 1672 Marii
823 1614 963 1674 novi
1009 1616 1259 1678 bominis
1312 1622 1578 1702 tropbaea
1626 1625 1703 1686 de
1743 1626 2034 1707 Iugurtha
2082 1627 2310 1688 scilicet
2355 1634 2416 1687 et
2458 1623 2712 1712 Cimbris
2749 1642 2821 1683 ac

608 1708 961 1786 Tbeutonis,
995 1734 1130 1792 quae
1158 1717 1318 1778 Sulla
1363 1719 1560 1782 hostili
1588 1724 1862 1804 superbia
1890 1726 2214 1805 dejecerat,
2243 1721 2550 1803 reparavit.
2631 1720 2823 1781 Idem-

611 1826 728 1886 que
756 1806 896 1869 dum
938 1812 1319 1890 quaestionem
1365 1815 1440 1876 de
1491 1818 1712 1881 sicariis
1750 1830 2067 1896 exerceret,
2102 1842 2204 1882 eos
2249 1822 2350 1900 qui
2390 1817 2821 1899 proscriptione

608 1902 847 1964 Sullana
871 1905 1066 1968 relatis
1093 1910 1394 1988 capitibus
1423 1913 1642 1975 civium
1665 1918 2068 1979 Romanorum
2095 1939 2170 1978 ex
2190 1917 2396 1980 serario
2416 1915 2693 1996 pecunias
2723 1933 2824 1974 ac-

608 2000 925 2079 cepissent,
949 2007 1210 2083 quamvis
1254 2007 1367 2087 legi
1396 2011 1684 2072 Corneliae
1735 2024 1877 2075 tunc
1916 2023 2200 2090 exemtos,
2229 2034 2339 2093 pro
2378 2011 2596 2074 sicariis
2624 2011 2822 2073 duxit:

611 2098 775 2176 quod
803 2108 865 2159 et
893 2100 941 2160 si
968 2101 1441 2166 adversariorum
1465 2107 1606 2167 odio
1637 2108 1877 2185 faceret,
1927 2112 2040 2171 ”in
2069 2132 2130 2172 se
2160 2121 2353 2172 tamen
2387 2110 2550 2189 juste
2578 2107 2819 2187 quidem

611 2204 681 2253 ut
707 2194 962 2257 arbitror
987 2196 1270 2260 faciebat:
1315 2220 1435 2261 non
1480 2203 1634 2264 enim
1686 2215 1882 2284 potest
1925 2218 2151 2268 naturae
2195 2208 2383 2287 legem
2430 2207 2524 2266 lex
2565 2205 2823 2266 humana

610 2291 879 2355 evellere.
960 2294 1197 2358 Perdita
1222 2317 1328 2378 spe
1357 2300 1617 2382 AEgypti,
1665 2301 2077 2383 pontificatum
2118 2304 2432 2365 maximum
2461 2303 2650 2382 petiit,
2699 2322 2821 2363 non

609 2388 836 2469 absque
862 2387 1027 2450 fluxu
1057 2412 1362 2483 munerum
1391 2396 1636 2478 ingenti.
1719 2401 1815 2461 Ita
1852 2401 1979 2480 jam
2030 2411 2172 2462 tunc
2199 2401 2442 2462 ambitio
2488 2402 2822 2461 Romanum

610 2484 813 2547 orbem
853 2486 1174 2552 invaserat:
1227 2491 1357 2571 jam
1405 2494 1790 2572 pontificatus
1836 2498 2091 2578 pecunia
2137 2497 2565 2571 vendebantur,
2632 2496 2821 2559 minus

609 2582 831 2647 malum
877 2587 1041 2666 quod
1087 2587 1329 2650 deorum
1379 2604 1564 2654 erant.
1648 2596 1788 2665 Qua
1830 2596 1890 2656 in
1940 2617 2002 2656 re
2048 2615 2166 2656 non
2211 2596 2341 2675 ipse
2369 2595 2480 2655 sibi
2509 2593 2820 2667 sufficiens,

609 2670 859 2743 'alienum
887 2702 1009 2745 non
1036 2685 1335 2749 modicum
1364 2710 1445 2750 aes
1476 2693 1807 2753 contraxit:
1852 2694 2016 2773 quod
2053 2693 2248 2774 ipsum
2291 2712 2492 2753 secum
2518 2692 2823 2765 extimans,

608 2773 754 2851 dum
780 2777 839 2837 in
866 2799 1144 2861 campum
1172 2785 1525 2848 candidatus
1554 2810 1727 2851 mane
1757 2792 2160 2864 descenderet,
2188 2790 2356 2852 matri
2384 2810 2445 2850 se
2471 2789 2823 2850 deosculan-

608 2871 663 2932 ti
682 2871 949 2949 domum,
975 2876 1186 2956 inquit,
1227 2883 1352 2942 nisi
1366 2885 1648 2966 pontifex
1676 2907 1797 2948 non
1823 2896 2107 2952 revertar.
2190 2889 2480 2948 Reversus
2507 2895 2597 2947 est
2622 2897 2821 2947 autem

609 2971 879 3047 pontifex
906 2973 1142 3036 duobus
1171 2978 1505 3041 clarissimis
1534 2985 2024 3065 competitoribus
2049 2985 2355 3064 superatis,
2387 2991 2561 3045 aetate
2588 2984 2729 3045 licet
2747 3002 2818 3043 ac

609 3063 892 3145 dignitate
921 3074 1356 3149 praestantibus.
1440 3078 1588 3139 Inde
1616 3090 1840 3161 praetor
1864 3081 2058 3143 factus
2084 3090 2205 3144 est:
2249 3101 2369 3161 quo
2393 3090 2656 3160 tempore
2684 3100 2819 3141 cum

609 3162 881 3224 Catilinae
921 3167 1253 3246 conjuratio
1302 3176 1611 3255 erupisset,
1652 3189 1714 3239 et
1758 3180 2080 3260 complices
2120 3179 2406 3240 scelerum
2454 3187 2819 3248 tenerentur;

609 3258 884 3335 universo
909 3276 1118 3326 senatu
1164 3287 1498 3348 supremum
1544 3274 1604 3334 in
1632 3295 1704 3335 eo
1734 3276 2094 3356 supplicium
2132 3276 2504 3345 decernente,
2537 3274 2695 3334 solus
2730 3281 2824 3333 est

608 3374 786 3418 ausus
816 3360 1059 3422 suadere
1088 3384 1206 3425 non
1233 3378 1422 3430 morte
1449 3370 1584 3431 illos
1611 3372 1761 3434 affici
1808 3373 2125 3454 expediens
2155 3393 2312 3446 esse;
2360 3372 2464 3432 sed
2504 3367 2821 3450 publicatis

611 3451 805 3528 bonis,
834 3475 942 3534 per
986 3461 1287 3523 custodias
1320 3467 1775 3548 municipiorum
1805 3469 1989 3530 dividi
2018 3489 2090 3530 ac
2128 3467 2376 3529 servari:
2420 3466 2827 3546 persuasisset·

610 3568 728 3629 que
757 3550 1050 3626 fortassis:
1095 3568 1323 3620 tantum
1366 3563 1641 3625 omnibus
1681 3567 1916 3627 terroris
1963 3566 2310 3645 incusserat,
2351 3561 2708 3642 invidiaeque
2735 3561 2819 3622 eis

606 3645 997 3727 imposterum
1022 3653 1392 3727 imminentis,
1420 3657 1470 3717 si
1518 3659 1662 3721 tales
1705 3659 1863 3722 cives
1906 3671 2116 3723 contra
2160 3663 2346 3741 legem
2372 3660 2644 3721 Porciam
2685 3678 2822 3741 per-

607 3744 898 3819 emissent,
930 3758 996 3809 ut
1012 3733 1305 3812 becimus
1335 3752 1607 3817 Sullanus
1637 3758 1847 3818 consul
1872 3759 2210 3838 designatus
2253 3757 2598 3819 sententiam
2631 3775 2820 3829 suam,

610 3860 790 3923 quam
834 3854 1058 3906 mutare
1106 3849 1531 3926 ¹²prohibebat,
1564 3853 1934 3934 interpretari
1977 3877 2095 3919 non
2122 3856 2515 3926 erubesceret,
2542 3865 2730 3932 atque
2761 3853 2823 3913 in

611 3957 843 4000 sensum
863 3941 1148 4005 mitiorem
1168 3944 1351 4005 fando
1371 3947 1688 4012 reflectere.
1742 3954 2014 4036 Denique
2035 3955 2131 4015 alii
2153 3962 2336 4033 atque
2356 3951 2456 4012 alii
2470 3951 2623 4012 inter
2644 3952 2824 4010 ¹³cer·

611 4044 706 4099 tos
728 4038 1025 4102 Ciceronis
1048 4043 1307 4105 consulis
1326 4045 1776 4131 frater-,eloquio
1796 4055 1981 4134 capti,
1997 4053 2150 4114 illius
2169 4052 2226 4113 in
2246 4049 2592 4112 sententiam
2619 4047 2816 4110 ibant:

675 4181 735 4230 11
772 4178 948 4244 Forte,
968 4178 1220 4245 ipsa—12,
1248 4184 1427 4252 Forte,
1447 4191 1606 4254 pudor
1625 4192 1917 4257 prohibebat.
1981 4192 2132 4244 Suet.-
2154 4192 2228 4244 alt
2251 4205 2370 4257 cap.
2393 4193 2476 4241 14.
2509 4203 2615 4255 qua
2636 4191 2823 4241 mc

608 4262 749 4326 turpe
768 4263 1021 4312 παι-18
1056 4261 1214 4330 Lege,
1248 4271 1442 4320 meros.
