3117 5025
582 347 757 415 1900
1411 353 1487 414 n.
1540 351 1949 415 nonwsnm

586 518 1002 578 Caesarmnem.
1092 519 1289 577 Minus·
1321 529 1511 578 tamen
1542 516 1791 578 idoneus
1822 515 2024 576 fuisset
2051 513 2288 594 Oppius
2315 513 2392 574 ud
2422 512 2800 574 scribendum

585 613 663 674 de
710 616 825 673 boc
874 625 1239 693 argumento,
1283 615 1332 675 si
1376 616 1500 693 ipse
1548 633 1790 693 quoque
1835 611 1992 674 bello
2041 610 2434 672 Alexandrino
2478 630 2593 670 non
2631 610 2805 670 interb

585 709 807 773 fuisset.
897 712 1112 771 Melius
1153 732 1315 790 ergo,
1347 715 1455 770 hac
1485 713 1560 770 de
1589 729 1785 779 eausa,
1817 711 2070 771 Hirtium
2102 708 2282 789 hujus
2323 708 2560 788 Prologi
2597 716 2802 767 nuncto-

586 827 710 870 rem
740 808 1231 870 existimabimus.
1314 808 1499 887 Oppii
1525 807 1679 867 euim
1708 807 2044 878 testimonio
2091 805 2167 867 de
2203 804 2326 866 filio
2361 804 2614 866 Caesaris
2659 823 2804 884 pug¹

585 906 766 966 nabat
786 906 960 966 etiam
992 907 1306 976 Antonius,
1334 909 1430 965 vix
1458 906 1542 966 ita
1584 914 1743 966 certe
1785 904 2071 974 facturus,
2095 903 2208 964 nisi
2248 901 2622 964 Alexandriae
2669 921 2800 961 cum

586 1003 821 1064 Caesare
865 1004 1169 1065 adfuisset.
1258 1004 1474 1065 Nescio
1520 1004 1718 1078 etiam,
1745 1022 1821 1063 an
1878 1001 1975 1061 hic
2025 1000 2201 1061 fuerit
2253 1000 2489 1080 Oppius
2549 998 2824 1078 legatus„

586 1100 763 1179 cujus
806 1103 1028 1163 mentio
1069 1103 1126 1161 iu
1173 1102 1326 1162 bello
1374 1100 1655 1166 Africano
1709 1099 1969 1180 cap.68.
2051 1100 2129 1159 Et
2168 1108 2326 1159 certe
2373 1087 2569 1158 Hirtio
2617 1096 2802 1176 magis

586 1196 745 1259 favet
774 1198 901 1278 ipse
929 1199 1267 1268 Suetonius,
1297 1197 1440 1259 dum
1471 1197 1648 1258 Hirtii
1692 1198 1931 1258 nomine
1959 1196 2139 1257 verba
2162 1217 2235 1257 ex
2262 1196 2365 1256 illo
2391 1195 2523 1274 ipso
2550 1193 2804 1255 advocat

588 1294 864 1376 Prologo,
897 1315 1031 1375 quae
1060 1297 1358 1376 hodieque
1386 1296 1469 1356 ibi
1494 1295 1882 1375 reperiuntur.

587 1472 752 1536 Idem
796 1481 1007 1535 auctor
1058 1474 1343 1534 librorum
1402 1478 1761 1555 sequentium
1801 1474 1874 1537 de
1917 1473 2066 1535 bello
2108 1471 2545 1545 Alexandrino,
2602 1469 2804 1551 Afric.

1143 1572 1323 1650 Hep.
1366 1571 1472 1633 ced
1500 1580 1645 1652 port
1689 1572 1950 1633 Caesars‘s
1988 1578 2252 1631 mortem.

669 1701 770 1761 Sic
797 1721 936 1781 ergo
968 1722 1074 1774 res,
1119 1701 1178 1761 ni
1218 1700 1407 1774 fallor,
1439 1701 1737 1764 habuerit.
1822 1701 2049 1763 Primus
2093 1710 2302 1760 auctor
2355 1697 2625 1778 praedicti
2663 1695 2808 1758 Pro*

586 1798 723 1878 logi,
753 1799 855 1879 qui
902 1799 1148 1864 Caesaris
1188 1801 1409 1880 scripta
1435 1799 1678 1879 digessit
1707 1800 1924 1880 pariter
1969 1819 2041 1858 ae
2070 1796 2386 1878 supplevit,
2416 1814 2535 1856 non
2563 1795 2805 1875 Oppius

584 1897 781 1969 suerit,
828 1897 931 1958 sed
977 1898 1226 1969 Hirtius,
1268 1899 1373 1978 qui
1426 1898 1676 1978 proinde
1717 1897 1959 1970 ibidem,
1991 1896 2097 1957 ubi
2143 1896 2384 1966 Balbus,
2413 1892 2610 1966 fuerit,
2642 1892 2816 1973 quod.

588 1993 839 2054 assiduis
868 1995 1022 2055 iilius
1062 2015 1181 2056 non
1220 1996 1419 2067 literis,
1464 1997 1568 2058 sed
1601 1996 1865 2067 vocibus,
1893 2004 2137 2056 coactus
2165 2012 2315 2054 onus
2337 1991 2480 2053 iilud
2509 1989 2810 2054 scribendi

589 2092 932 2170 susceperit.
1018 2092 1268 2173 Scripsit
1308 2114 1449 2174 ergo
1492 2094 1718 2156 Hirtius
1748 2094 2069 2174 Prologum
2109 2092 2187 2153 ad
2230 2091 2487 2152 amicum
2536 2088 2810 2163 Caesaris,

590 2187 933 2250 Cornelium
965 2190 1218 2251 Balbum
1246 2191 1609 2252 Gaditanum
1651 2192 2030 2252 ditissimum.
2114 2192 2194 2252 Et
2241 2190 2301 2250 in
2345 2188 2598 2269 prologo
2640 2207 2854 2249 com--

589 2286 905 2346 mentarios
933 2306 968 2347 a
996 2307 1059 2349 se
1085 2288 1334 2369 scriptos
1359 2292 1647 2371 supponit
1682 2310 1871 2352 rerum
1899 2289 2191 2371 gest'arum
2219 2286 2458 2361 Gallie,
2482 2303 2602 2346 non
2641 2304 2813 2347 com·

588 2383 882 2463 parandos
936 2386 1331 2465 superioribus
1384 2397 1562 2467 atque
1612 2387 2050 2468 insequentibus
2091 2385 2341 2448 Caesaris
2386 2384 2650 2462 scriptis.
2731 2381 2814 2444 ffi

588 2483 996 2545 commentarii
1023 2484 1122 2545 alii
1146 2504 1276 2546 esse
1302 2504 1422 2546 non
1450 2469 1735 2566 poterunt
1761 2486 1839 2546 ab
1869 2500 2030 2546 v111.
2061 2485 2163 2563 qui
2193 2482 2513 2562 Prologum
2538 2479 2814 2560 proxime

589 2580 945 2659 excipiebat,
977 2583 1115 2643 belli
1136 2582 1357 2644 Gallici
1385 2583 1558 2655 libro,
1603 2581 1803 2644 medio
1846 2583 2116 2642 nimirum
2175 2580 2325 2641 iuter
2370 2579 2550 2640 libros
2586 2578 2814 2643 Gallici

594 2676 735 2738 belii
763 2679 1003 2758 priores,
1028 2701 1179 2762 quos
1208 2691 1410 2743 censet
1436 2681 1784 2762 superiores,
1811 2691 1872 2743 et
1899 2680 2080 2740 libros
2109 2678 2244 2740 belli
2271 2677 2488 2747 Civilis,
2515 2695 2674 2757 quos
2699 2694 2813 2756 pro

589 2777 828 2856 scriptis
871 2777 1138 2858 ejusdem
1185 2779 1434 2841 Caesaris
1482 2781 1663 2842 babet
1698 2778 2159 2860 insequentibus.
2242 2776 2344 2838 Sic
2380 2774 2522 2835 nihil
2567 2774 2818 2844 babent,-

592 2894 717 2953 quo
765 2895 829 2936 se
870 2886 1147 2939 tueantur
1198 2876 1472 2939 Floridus
1518 2878 1774 2940 Sabinus
1823 2887 1886 2939 et
1937 2876 2278 2938 Ludovicus
2320 2874 2546 2936 Carrio.
2632 2872 2813 2933 Hunc

589 2971 806 3034 librum
847 2993 909 3034 se
951 2973 1325 3037 contexuisse
1351 2985 1599 3038 testatur
1643 2976 1904 3037 Hirtius:
1940 2974 2201 3055 'proinde
2242 2973 2373 3052 jam
2415 2980 2583 3032 auten
2630 2968 2814 3049 scrip-

593 3077 741 3142 tum,
766 3078 832 3130 et
867 3071 1065 3132 medio
1093 3081 1291 3134 tamen
1321 3074 1442 3145 ino,
1474 3094 1649 3154 quem
1695 3073 1835 3147 dixi,
1867 3074 2004 3134 loco
2037 3070 2410 3151 dispositum.
2492 3069 2648 3130 Haec
2690 3078 2815 3129 ent

594 3165 863 3228 nimirum
885 3170 1237 3249 scriptorum
1280 3171 1530 3233 Caesaris
1557 3171 1809 3251 digestio
1843 3171 1965 3244 ina,
1993 3169 2070 3231 de
2116 3188 2239 3249 qua
2284 3168 2546 3249 loquitur
2591 3174 2813 3238 noster,

596 3274 686 3329 tot
730 3266 965 3329 saeculis
1001 3268 1311 3342 recentior,
1342 3289 1461 3351 qua
1509 3290 1617 3332 sua
1663 3269 1898 3349 scriptis
1941 3270 2129 3350 ipsius
2173 3268 2421 3330 Caesnris
2448 3265 2640 3328 medie
2665 3286 2813 3329 ecn-

593 3362 786 3427 texuit
826 3383 1062 3425 coaevus
1111 3365 1358 3427 Hirtius.
1442 3367 1664 3429 Noster
1687 3367 1862 3429 etiam
1901 3368 2095 3429 editos
2129 3368 2189 3428 in
2234 3367 2432 3427 lucem
2466 3365 2651 3427 libros
2679 3366 2816 3427 Cn-

595 3461 741 3523 saris
789 3470 1036 3525 testatur
1076 3464 1153 3524 ab
1200 3465 1350 3539 aliis,
1400 3466 1503 3546 qui
1548 3466 1727 3527 rebus
1766 3467 1909 3547 ipsis
1944 3464 2343 3528 interfuerant.
2425 3462 2602 3525 Unde
2646 3463 2814 3525 hoe}

596 3559 831 3641 Nempe
857 3580 930 3621 ex
958 3561 1070 3624 illis
1098 3562 1337 3644 Prologi
1384 3563 1617 3625 verbis:
1660 3572 1679 3599 ⁸
1708 3564 1975 3642 quisunt
2000 3562 2168 3635 editi,
2206 3581 2284 3623 ne
2325 3560 2573 3621 scientia
2625 3569 2816 3623 tenta·

592 3677 722 3720 rum
751 3678 945 3721 rerum
987 3660 1366 3741 scriptoribus
1394 3661 1669 3722 deesset!
1747 3662 1870 3724 Sed
1917 3680 2230 3743 perperam
2266 3669 2467 3721 noster
2505 3657 2813 3727 intellexit,

594 3755 647 3817 si
670 3765 801 3817 tum
829 3757 1083 3836 primum
1125 3758 1316 3820 editos
1355 3757 1414 3819 in
1460 3757 1653 3819 lucem
1707 3757 1956 3821 Caesaris
1999 3756 2447 3820 commentarios
2495 3756 2814 3828 censuerit,

595 3872 735 3916 cum
789 3853 1112 3935 Prologum
1164 3855 1449 3917 scriberet
1495 3856 1763 3930 Hirtius;
1823 3876 2038 3938 nempe
2078 3864 2217 3937 post
2256 3865 2505 3919 mortem
2547 3850 2820 3916 Castris.

597 3949 790 4011 Immo
812 3952 942 4030 jam
980 3963 1154 4015 antea
1199 3953 1259 4014 in
1300 3954 1458 4017 clara
1483 3955 1618 4016 luce
1660 3955 1840 4016 fuisse
1869 3963 2126 4016 versatos
2165 3974 2201 4014 e
2225 3952 2530 4015 Ciceronis
2576 3960 2817 4013 constat

599 4047 820 4108 Bruto:
864 4048 1043 4110 immo
1068 4070 1143 4113 ex
1170 4051 1288 4113 hoc
1336 4052 1467 4133 ipso
1494 4053 1768 4133 Prologo.
1850 4055 1981 4115 Jam
2029 4052 2185 4114 enim
2223 4051 2507 4131 prob-tos
2552 4049 2816 4112 omnium

587 4143 829 4222 judicio
861 4154 1135 4221 testatur,
1176 4150 1306 4231 jem
1355 4152 1416 4211 in
1446 4198 1450 4202 -
1476 4152 1742 4217 omnium
1785 4151 2173 4217 admiratione
2218 4150 2425 4222 fuisse,
2449 4146 2622 4229 qussi
2655 4147 2818 4209 bene

597 4238 1025 4324 ‘mendateque
1068 4245 1342 4327 scriptos.
1422 4249 1561 4313 Non
1613 4269 1758 4331 ergo
1793 4250 1872 4315 de
1909 4268 2034 4325 sua.
2082 4248 2187 4315 sed
2234 4245 2508 4321 czaris,
2553 4242 2817 4308 editione
