3117 5025
963 1018 1480 1107 QUAEDAM
1511 1022 1799 1099 LOCA

1337 1214 1418 1263 ΙΝ

423 1374 1081 1475 CAESARJS
1159 1368 2367 1475 COMMENTARIIS

1080 1586 1692 1668 DISCUSSA·
2348 1520 2355 1525 ι

288 2006 494 2105 {Multa
519 2016 678 2077 sunt
702 2011 770 2076 in
801 2010 1310 2080 Commentariis
1341 2011 1500 2078 belli
1530 2010 1782 2077 Gallici
1808 2011 1989 2096 apud
2021 2009 2101 2077 C.
2132 2008 2492 2088 Caesarem,

362 2134 509 2198 quae
551 2116 849 2181 nondum
892 2118 1240 2204 explorata
1287 2122 1472 2181 sunt:
1518 2117 1728 2180 multa
1768 2116 1969 2181 etiam
1996 2134 2151 2199 quae
2196 2112 2369 2177 male
2406 2110 2494 2177 ad

359 2223 614 2285 veteres
646 2221 1127 2306 appellationes
1156 2222 1383 2300 relata,
1427 2240 1583 2305 quoe
1612 2239 1734 2284 nos
1762 2218 2150 2303 castiganda
2191 2215 2492 2300 suscepi-

357 2340 522 2388 mus.
620 2321 1109 2390 obscuritatem
1153 2326 1352 2390 etiam
1392 2325 1649 2410 peperit
1695 2322 1952 2407 duplex
1998 2321 2364 2408 appellatio
2394 2318 2494 2383 lo-

327 2444 587 2491 ·corum
636 2426 820 2513 apud
864 2433 1159 2494 veteres:
1217 2434 1294 2494 ut
1345 2426 1613 2493 Scaldis
1675 2432 1740 2491 et
1789 2425 2078 2491 Tabuda
2126 2425 2301 2489 idem
2352 2426 2493 2504 θεὶς

359 2527 650 2596 Phrudis
699 2537 766 2596 et
821 2531 1119 2611 Summa,
1177 2530 1238 2595 Ια
1307 2532 1529 2598 ridere
1585 2529 1662 2595 de
1722 2527 2003 2606 Summe‚·
2070 2529 2366 2595 Obrinca
2427 2530 2497 2594 ct

361 2630 681 2715 Mosella3
725 2631 958 2700 Araris
1000 2640 1069 2700 et
1112 2635 1417 2720 Sagoua3
1479 2636 2022 2719 Bratuspantium
2070 2639 2139 2698 et
2185 2629 2523 2697 Caesaroa'

357 2754 614 2821 maguS,
661 2735 726 2800 Ia
772 2736 919 2803 ville
948 2736 1023 2802 de
1055 2736 1417 2818 Βεαηυαίες
1482 2740 1791 2804 Bononia
1830 2738 2184 2813 maritima,
2216 2741 2284 2799 et
2325 2732 2509 2798 Ges-‘

358 2840 683 2905 soriacuS.
788 2831 959 2907 leem
1012 2843 1279 2908 nomina
1331 2842 1731 2928 populorum
1781 2860 1904 2925 pro
1956 2840 2109 2924 ipsa
2171 2838 2359 2914 urbe,
2419 2838 2495 2908 ut

357 2942 604 3009 Parisii
637 2964 762 3028 pro
781 2944 1082 3011 Lutetia:
1126 2944 1427 3010 Turones
1454 2964 1579 3029 pro
1604 2941 2099 3008 Caesaroduno:
2144 2937 2493 3006 Aureliani

320 3067 329 3078 ·
355 3066 474 3132 pro
502 3047 813 3127 Genabo,
832 3053 899 3114 et
925 3050 1063 3115 alia
1090 3049 1357 3114 similia.
1449 3047 1600 3113 Nos
1620 3066 1847 3133 pauca
1875 3045 1995 3111 sed
2022 3044 2236 3128 magis
2262 3059 2495 3107 neces-

289 3223 298 3240 *
358 3152 533 3218 saxia
559 3150 936 3226 infiaesare
962 3151 1431 3218 delibabimus.
1714 3131 1729 3150 ⁸

279 3297 691 3410 ATUATICI.
779 3317 1186 3387 Atuatucam
1214 3326 1318 3387 est
1346 3323 1503 3388 urbs
1530 3322 1970 3404 Tungrorum,
1996 3338 2149 3403 quae
2173 3320 2239 3382 et
2265 3315 2493 3381 hodie·

273 3444 398 3509 ‘que
431 3417 711 3514 Tungres
759 3425 1019 3490 dicitur.
1110 3425 1282 3491 Cum
1328 3446 1371 3490 a
1399 3425 1716 3490 Barbarie
1772 3427 2040 3489 vastata
2083 3425 2280 3498 esset,
2315 3421 2493 3504 epis-

283 3515 555 3613 copatus
585 3529 943 3598 tianslatus
965 3530 1093 3595 fuit
1115 3531 1183 3595 in
1201 3527 1586 3617 Trajectum
1613 3526 1859 3607 Mosae,
1882 3523 2084 3609 vulgo
2112 3519 2500 3587 Mam-ioht!

279 3633 388 3698 sed
416 3641 481 3700 et
526 3635 650 3699 illa
687 3654 951 3720 quoque
994 3634 1157 3699 urbe
1203 3654 1246 3698 a
1275 3633 1683 3699 Normannis
1727 3633 2022 3708 incensa,
2054 3627 2493 3716 episcopatus

279 3734 342 3797 in
385 3737 608 3802 vicum
658 3737 888 3802 Sancti
939 3737 1274 3805 Lamberti
1321 3733 1703 3818 traductum
1768 3732 1884 3819 qui
1928 3730 2127 3797 hodie
2172 3727 2496 3796 Leodium

279 3835 538 3921 dicimr‚'
572 3839 645 3904 id
694 3848 800 3906 est
846 3840 1263 3926 Hominium,
1316 3843 1481 3927 quia
1508 3845 1686 3906 esset
1731 3837 1815 3902 de
1858 3832 2155 3902 hominio
2198 3836 2265 3896 et
2291 3829 2494 3896 feudo

279 3937 600 4029 Episcopi
655 3943 1081 4028 Tungrensis.
1192 3944 1275 4009 In
1329 3943 1651 4009 Conciliis
1707 3936 2079 4007 Gallicanis
2135 3936 2497 4020 episcopus

276 4040 719 4133 Trajectensis
778 4068 903 4132 pro
957 4047 1375 4132 Tungrorum
1432 4046 1757 4132 episcopo
1812 4041 2069 4126 legitur.
2158 4036 2342 4102 Cave
2396 4038 2498 4132 in-

279 4145 531 4231 telligas
590 4147 977 4237 Trajectum
1037 4150 1239 4228 Beni,
1299 4147 1498 4232 vulgo
1566 4141 1850 4211 Utrecht.
1970 4139 2495 4218 BekkeselenuS,

278 4263 402 4331 quo
426 4252 655 4320 nullus
704 4255 1084 4321 mortalium
1138 4252 1351 4337 magis
1398 4253 1648 4317 abusus
1691 4255 1795 4315 est
1836 4251 1902 4313 et
1942 4245 2202 4329 ingenio
2244 4251 2313 4310 et
2357 4244 2498 4342 otio

280 4359 420 4432 suo,
439 4355 739 4423 multum
768 4357 995 4439 sudat,
1033 4362 1109 4426 ut
1152 4353 1581 4443 p'ersuadeat‘
1601 4347 1963 4419 Atuaticos
1994 4347 2294 4415 C'oesaris
2345 4351 2495 4412 esse
