3117 5025
883 435 982 487 nn
1027 436 1208 486 vim
1259 437 1462 488 sunu
1510 436 1866 490 oAEsAms.
2299 418 2483 488 1721-

260 587 441 660 novit,
492 580 876 649 Suessionum
924 588 1069 649 fines
1114 589 1355 649 Rliemis
1401 587 1682 667 proximis
1727 588 2041 666 ingressus.
2128 584 2482 647 ⁶⁵Nomodi-‘

261 707 422 747 mum
450 685 1084 764 opidum-aggreditur,
1115 684 1275 763 quod
1315 685 1676 744 indefensum
1720 685 1875 743 fama
1915 684 2248 762 vulgaverat
2288 694 2351 743 et
2389 683 2474 744 sie

259 793 422 842 eretz
468 783 572 842 sed
602 792 781 843 nocte
821 781 1154 843 Suessiones
1198 783 1535 861 introgressi
1574 780 1973 841 defensionem
2003 790 2312 859 apparant.
2393 781 2478 840 Et
2521 813 2530 819 -

261 879 406 939 dum
437 880 641 939 vineas
667 879 967 940 admoveri
1009 880 1184 939 muris
1221 886 1544 948 cernerent,
1595 887 1782 938 turres
1823 886 1884 936 et
1925 878 2222 937 machinas
2271 876 2478 956 quales

264 996 375 1036 nec
402 973 674 1037 viderant
705 976 944 1056 quidem
975 993 1251 1055 unquam,
1297 995 1407 1036 nec
1437 975 1762 1045 audierant,
1803 974 2130 1053 stupefacti,
2172 992 2487 1053 oppugna-

264 1073 422 1134 tione
446 1093 571 1134 non
601 1069 934 1153 expectata,
976 1072 1211 1132 nuntios
1240 1072 1489 1151 opidum
1516 1091 1697 1151 seque
1741 1090 1848 1130 sua
1898 1069 2181 1130 dedentes
2221 1068 2299 1130 ad
2344 1073 2476 1131 Cas·

265 1190 449 1232 sarem
506 1171 922 1242 transmittunt,
969 1189 1039 1231 ac
1087 1170 1240 1232 datis
1288 1170 1599 1230 obsidibus
1646 1168 2024 1228 nobilissimis
2068 1167 2279 1244 gentis,
2327 1166 2481 1227 inter

268 1287 418 1349 qnos
447 1267 574 1328 duo
602 1266 707 1327 filii
740 1268 889 1346 regis
918 1277 1102 1339 erant,
1144 1266 1488 1346 traditisque
1526 1267 1701 1327 armis
1736 1266 2012 1326 omnibus
2050 1264 2108 1324 in
2148 1265 2480 1325 Romanam

269 1361 449 1424 fidem
477 1364 837 1424 Rtoemmm
868 1364 1142 1441 precibus
1169 1374 1309 1424 sunt
1336 1364 1575 1442 recepti.
1660 1363 1818 1423 Hinc
1846 1364 1905 1422 in
1937 1362 2281 1423 Bellovacos
2310 1361 2481 1433 itum,

269 1461 373 1538 qui
424 1480 567 1519 cum
618 1480 680 1520 se
727 1460 788 1519 in
844 1460 1101 1538 opidum.
1146 1459 1437 1521 munitum
1493 1478 1566 1520 ac
1622 1458 1877 1519 validum
1928 1459 2328 1530 contulissent,
2384 1457 2482 1518 cui

268 1554 816 1635 &Bracmpantium
846 1575 1061 1617 nomen
1092 1567 1234 1628 erat,
1274 1557 1534 1618 exercitu
1583 1558 2037 1637 propinquante,
2084 1575 2284 1616 omnes
2331 1556 2490 1635 pub-

272 1654 389 1715 lico
424 1653 504 1716 de
545 1654 792 1715 consilio
838 1654 1092 1731 majores
1130 1663 1296 1727 natu,
1337 1656 1574 1716 obviam
1620 1656 1834 1736 egressi
1875 1654 2142 1714 manibus
2186 1653 2360 1713 tensis
2404 1650 2482 1712 ad

272 1753 565 1812 Caesarem
606 1751 728 1811 alta
768 1770 915 1812 voce
958 1770 1019 1810 se
1069 1750 1129 1809 in
1176 1749 1353 1811 fidem
1395 1749 1586 1830 ⁶⁷ejus
1633 1751 1998 1813 committere
2041 1771 2233 1830 neque
2276 1757 2484 1810 contra

274 1848 574 1909 Romanos
618 1867 781 1908 arma
822 1848 1098 1908 movendi
1146 1848 1409 1908 animum
1459 1850 1676 1910 habere
1723 1849 1923 1910 testati
1973 1858 2126 1908 sunt.
2209 1849 2492 1925 Cumque

268 1945 563 2005 exercitus
619 1945 865 2024 opidum
921 1946 1167 2025 propius
1211 1947 1573 2018 accessisset,
1630 1947 1784 2006 idem
1835 1946 1912 2006 de
1961 1946 2140 2005 muris
2186 1943 2485 2005 faciebant

276 2041 729 2123 clamabantque
758 2043 1025 2104 mulieres
1052 2062 1125 2104 ac
1154 2044 1360 2123 pueri:
1406 2055 1628 2105 motum
1660 2046 1953 2105 Caesarem
1993 2042 2335 2122 spectaculo
2381 2039 2494 2099 Di-

277 2139 529 2199 vitiacus
556 2140 763 2200 Eduns
791 2140 853 2200 in
882 2141 1035 2200 hane
1078 2143 1419 2202 seutentiam
1465 2143 1756 2203 allocutus
1792 2153 1919 2202 est:
1966 2149 1984 2175 ⁸
2006 2143 2250 2252 Semper
2290 2138 2482 2201 Bello-

278 2253 461 2296 vacos
498 2255 756 2298 servasse
784 2236 964 2297 fidem
994 2249 1055 2299 et
1090 2239 1409 2300 amicitiam
1443 2240 1810 2310 Heduorum,
1849 2259 2008 2299 nunc
2039 2237 2195 2298 falsis
2225 2236 2484 2298 consiliis

278 2331 593 2411 agitatosa
622 2334 741 2393 suis
771 2335 1144 2412 primoribus,
1190 2338 1293 2416 qui
1334 2337 1601 2398 dicerent
1643 2337 1844 2397 Eduos
1889 2337 2045 2415 turpi
2094 2335 2325 2395 servitio
2375 2353 2498 2412 ope

280 2447 510 2509 pressos
536 2451 569 2490 a
600 2432 836 2492 Coesare
861 2429 1036 2510 digna
1062 2443 1125 2492 et
1152 2433 1389 2513 indigna
1422 2435 1566 2514 pati,
1610 2442 1916 2494 execratos
1955 2433 2296 2511 patientiam
2342 2413 2488 2491 ami·

282 2547 513 2597 comm,
568 2526 1020 2606 Romanumque
1073 2541 1410 2593 recusantes
1466 2531 1796 2609 imperium,
1864 2531 2293 2591 consurrexisse
2347 2549 2484 2591 cum

272 2624 538 2696 ceteris,
562 2635 627 2684 et
663 2622 916 2686 “furore
945 2626 1192 2705 publico
1221 2628 1539 2707 scripsisse,
1572 2629 1806 2689 tandem
1836 2628 2042 2688 fraude
2074 2627 2388 2706 recognita,
2428 2636 2489 2687 et

286 2722 635 2783 Bellovacos
671 2722 748 2782 ad
788 2724 1241 2785 misericordiam
1286 2727 1532 2787 Caesaris
1569 2725 1908 2804 confugere,
1949 2738 2010 2784 et
2049 2710 2307 2803 perfidos
2349 2744 2489 2783 con-

285 2819 528 2879 autom
558 2819 948 2899 recogitantes
978 2816 1122 2901 quid
1152 2823 1289 2881 mali
1331 2824 1448 2882 suis
1493 2823 1717 2883 civibus
1756 2822 2095 2893 invexerint,
2150 2820 2280 2900 [48]
2326 2820 2490 2878 meri·

287 2926 406 2976 tum
444 2915 806 2995 supplioium
850 2916 1177 2979 metuentes
1216 2919 1275 2978 in
1316 2919 1670 2979 Britanniam
1714 2918 2067 2997 profugisse.
2151 2917 2339 2977 Orare
2369 2934 2488 2976 non

284 3032 380 3075 eos
408 3013 594 3073 modo
620 3014 724 3092 qni
759 3026 1114 3088 erraverunt,
1157 3016 1261 3076 sed
1298 3036 1361 3076 se
1406 3037 1665 3096 quoque,
1708 3036 1813 3076 suo
1853 3016 2021 3076 simul
2068 3024 2246 3094 atque
2289 3013 2494 3073 Hedux

284 3130 448 3171 orum
478 3110 717 3170 nomine
746 3118 813 3170 nt
839 3111 923 3170 eis
950 3111 1271 3192 indulgeat.
1357 3115 1426 3175 ld
1457 3115 1612 3174 enim
1639 3124 1697 3173 et
1724 3113 1909 3191 ipsius
1938 3113 2185 3173 Caesaris
2226 3121 2285 3172 et
2331 3109 2494 3170 Edu-

287 3227 448 3269 ornm
476 3207 554 3268 nd
583 3207 824 3287 gloriam
853 3209 1165 3287 pertinere,
1196 3212 1245 3271 si
1272 3222 1336 3271 et
1361 3232 1497 3273 eum
1528 3222 1646 3271 tam
1677 3212 1803 3270 miti
1831 3230 1959 3270 esse
1992 3210 2188 3269 animo
2232 3217 2291 3268 et
2331 3207 2490 3287 a'pud

287 3324 418 3365 eum
474 3303 682 3365 Ednos
728 3313 958 3366 tantum
1008 3326 1182 3386 posse
1233 3308 1587 3369 innotuerit.’
1679 3307 1906 3366 Annuit
1953 3309 2155 3367 Caesar
2204 3323 2384 3384 seque
2413 3308 2492 3362 'et

289 3401 569 3463 Divitiaci
594 3412 655 3461 et
685 3401 988 3463 Eduorum
1014 3404 1573 3482 gratiaBellovacos
1599 3404 1897 3483 reeiperc;
1948 3422 2170 3483 eosque
2217 3422 2279 3461 se
2311 3402 2492 3461 inco-

288 3497 468 3559 lumes
510 3508 877 3558 servaturum
928 3501 1084 3560 bona
1130 3499 1252 3561 fide
1299 3501 1587 3579 professus
1632 3509 1739 3570 est,
1789 3499 2017 3560 traditis
2075 3509 2267 3558 tamen
2315 3496 2496 3557 armis'

289 3595 580 3666 omnibns,
608 3614 682 3657 ac
711 3597 999 3656 sexcentis
1025 3597 1343 3669 obsidibus,
1375 3616 1622 3676 quorum
1651 3606 1877 3657 tantum
1909 3616 2210 3657 numerum
2242 3603 2310 3653 nt·
2333 3596 2508 3671 pete-'-

288 3701 394 3763 ret,
439 3692 605 3755 urbis
652 3693 943 3753 suadebat
982 3712 1053 3755 ac
1101 3694 1312 3774 populi
1354 3693 1721 3772 magnitudo.
1804 3693 1950 3753 Inde
1996 3691 2295 3762 Ambiani,
2345 3687 2494 3749 fines

287 3807 485 3849 eoenm
513 3790 777 3869 ingresso
800 3773 1041 3862 Catari,
1070 3791 1264 3852 statim
1292 3812 1352 3853 se
1380 3810 1602 3870 suaque
1629 3789 1824 3850 omnia
1849 3788 2150 3851 dedidere.
2489 3808 2496 3821 ·

360 3887 574 3949 Nervii
601 3888 936 3957 restabant3
983 3886 1145 3949 ferox
1184 3908 1386 3970 genus,
1428 3898 1489 3949 et
1531 3886 1958 3948 mercatoribus
2001 3884 2352 3947 adversum:
2400 3882 2492 3944 bis

287 3984 607 4065 passerum
636 3985 740 4061 qui
766 3983 996 4045 delitias
1034 3995 1137 4047 aut
1166 3986 1302 4046 vina
1340 3986 1753 4056 conveherent,
1790 3983 2067 4064 opinione
2093 3982 2288 4054 insita,
2328 4001 2493 4043 ener-

290 4081 413 4140 vari
438 4081 612 4141 rebus
640 4080 913 4141 mollibus
939 4081 1185 4154 animos,
1214 4091 1278 4144 et
1300 4102 1338 4143 a
1378 4082 1517 4145 belli
1559 4081 1770 4143 studiis
1810 4082 2125 4163 elanguere
2169 4100 2239 4141 ac
2278 4080 2494 4143 lentes-

353 4244 417 4295 66
438 4242 1113 4308 ,Ιιεςε,”Νοιῡὰιιιιιιι.-ω
1143 4245 1549 4313 Bratuspantium
1568 4244 1761 4311 legitur
1791 4243 1845 4295 in
1868 4243 2226 4295 emme-or
2263 4241 2420 4304 Lege,
2439 4240 2497 4291 κ’

287 4320 505 4392 fifides·
524 4323 624 4390 ῥυ
642 4325 1151 4380 amma—⁶8
1170 4325 2022 4396 Formsnmipsblioommsim
2042 4327 2135 4376 sut
2153 4319 2494 4390 mm.
