3117 5025
585 420 784 509 wlff
1320 438 1634 507 sobitum
1674 422 2111 505 scamonii

585 601 820 673 iocum
847 582 1268 667 constimdnt'
1281 604 1350 664 et
1378 580 1918 667 Con'sta'ntienses
1956 618 2108 665 esse
2144 585 2567 678 dicunt,'nori'
2593 580 2817 667 minu}

594 704 957 789 desipiunt,
1001 721 1204 785 quam
1230 701 1347 784 qui
1388 702 1859 766 monasterium
1898 703 2066 768 illud
2109 700 2689 771 Benedictinorum
2713 703 2813 771 in.

593 811 1051 892 terpretantur.
2356 832 2364 851 ⁸

684 908 1089 1005 Nitiobriges.
1157 906 1255 975 Le
1291 933 1448 999 pays
1500 921 1561 977 et
1613 908 2053 977 Seneschaucee
2097 908 2455 998 d'Ag'enot‘s.
2567 909 2813 977 Eorum

591 1016 834 1085 civitas
877 1013 1211 1099 Aginnum
1254 1012 1581 1097 Ausonio,
1634 1012 2038 1097 Ptolemae03
2066 1014 2449 1100 Agennum
2482 1002 2814 1099 Hierony-

592 1142 731 1201 mo,
788 1120 1115 1203 Gregorio
1165 1118 1557 1199 Turonensi,
1613 1119 1787 1189 aliisi.
1888 1120 1966 1187 Si
2018 1120 2123 1184 vis
2176 1119 2408 1197 ridere,
2462 1119 2610 1201 lege
2664 1136 2813 1203 quoe

589 1225 917 1293 hactenus
943 1244 1171 1290 omnes
1193 1224 1276 1288 de
1302 1223 1407 1289 his
1424 1224 1800 1303 delirarunt,
1819 1243 2099 1309 quorum
2128 1223 2242 1288 alii
2269 1218 2355 1286 M
2354 1219 2646 1306 ompelzer
2664 1239 2817 1285 esse

595 1329 844 1409 dicunt,
876 1330 994 1413 qui
1038 1328 1233 1393 locus
1278 1346 1402 1394 sex
1433 1328 1691 1394 dierum
1720 1329 1951 1394 itinere
1979 1327 2186 1393 distat
2225 1347 2267 1393 a
2299 1324 2812 1408 Nitiobrigibus.

591 1432 713 1498 alii
744 1429 1156 1519 Engoulesme
1183 1416 1573 1525 somniant.
1597 1428 1741 1496 Alii
1763 1431 2001 1515 jubent
2030 1449 2150 1514 pro
2182 1429 2447 1513 Aginno
2465 1416 2814 1509 legendum

596 1554 745 1603 esse
774 1533 1158 1623 Agesinates.
1226 1534 1316 1600 Et
1344 1555 1478 1620 quo
1506 1554 1646 1599 non
1672 1536 2002 1619 processit
2028 1532 2253 1598 audax
2280 1531 2545 1597 inscitia
2563 1530 2596 1594 ‘t
2794 1540 2803 1551 ·

685 1634 1022 1706 Namnetes.
1086 1634 1348 1704 Nautes.
1402 1634 1631 1704 Vide
1611 1658 1681 1703 ιιι
1706 1637 2047 1704 Tribunali
2075 1634 2488 1701 Aremorico.

684 1738 933 1810 Nervii.
993 1741 1575 1835 Quemadmodum
1603 1746 1787 1807 certo
1806 1742 2000 1807 nobis
2023 1745 2285 1806 constat
2310 1758 2444 1804 non
2470 1757 2620 1802 esse
2644 1735 2816 1801 Tor-

591 1864 940 1927 nacenses,
971 1846 1153 1933 quod
1196 1846 1399 1930 vulgo
1447 1866 1842 1931 persuasum
1894 1853 2037 1927 est;
2095 1844 2194 1911 ita
2234 1844 2508 1927 quinam
2560 1842 2720 1922 sint,
2748 1846 2815 1909 et

594 1969 731 2036 quo
758 1950 1032 2014 nomine'
1049 1949 1250 2015 hodie
1281 1949 1716 2035 appellentur,
1747 1949 1925 2017 haud
1954 1954 2195 2013 temere
2225 1934 2626 2011 affirmarim.

687 2048 1127 2117 Noviodunum
1156 2050 1243 2118 ad
1273 2052 1594 2137 Ligerim.
1644 2047 1900 2118 Nevers.
1936 2049 2419 2115 Noviodunum
2449 2045 2814 2111 Nivernen·

591 2155 791 2235 sium,
837 2162 912 2221 ut
959 2157 1032 2221 in
1059 2156 1350 2241 quadam
1392 2154 1658 2221 Notitia
1687 2140 2193 2221 Provinciarum
2221 2138 2467 2216 Galliae
2509 2149 2816 2232 legimus,

594 2277 748 2343 quae
793 2277 997 2343 penes
1025 2257 1586 2324 Jurisconsultum
1617 2255 1968 2342 Cujacium
1991 2275 2323 2357 magnum
2341 2259 2503 2320 erat.
2564 2252 2703 2317 Ει
2672 2270 2814 2339 Jam

589 2346 818 2426 multis
839 2362 1238 2447 conjecturis
1268 2344 1463 2426 nobis
1489 2352 1915 2455 exploratum
1944 2348 2135 2431 antea
2159 2363 2305 2423 erat
2312 2343 2813 2445 Noviodunum

590 2462 774 2537 istud
820 2462 1030 2532 Eduis
1075 2465 1456 2550 proximum
1504 2463 1842 2530 civitatem
1900 2462 2448 2530 Nivernensium·
2511 2464 2584 2528 in
2628 2452 2815 2547 cujus'

593 2565 835 2652 oppidi
883 2567 1384 2672 investigatione
1425 2567 1616 2633 multi
1673 2567 1883 2632 multa
1932 2567 2163 2650 nugati
2209 2555 2385 2632 sunt.
2474 2563 2639 2631 Alia
2682 2564 2811 2630 duo

589 2666 853 2753 oppida
879 2668 1005 2733 hoc
1033 2659 1297 2734 nomine
1323 2657 1644 2734 memorat
1670 2667 1928 2749 Caesar,
1959 2668 2079 2733 sed
2106 2671 2303 2736 nobis
2330 2672 2576 2754 ignota.
2634 2666 2814 2752 Nam

588 2773 1023 2855 nugatoribus
1071 2773 1446 2870 jurantibus
1488 2792 1622 2837 non
1671 2773 2022 2841 credimus.
2112 2771 2443 2854 Quartum
2494 2779 2817 2858 praeterea

587 2879 717 2953 est,
750 2875 929 2960 quod
976 2873 1239 2941 Civitas
1275 2875 1701 2961 Equestrium
1730 2876 1996 2957 dicitur,
2036 2883 2103 2942 et
2141 2896 2380 2944 nomen
2422 2877 2684 2955 retinet,
2729 2873 2812 2940 ad

591 2977 954 3046 Iaemauum
979 2978 1219 3045 lacum.
1273 3065 1278 3070 Ι
1311 2978 1577 3046 Dicitur
1605 2979 1779 3044 enim
1802 2974 2007 3045 Nion.
2053 2978 2236 3045 Nam
2256 2980 2454 3064 longe
2482 2966 2814 3057 falluntur,

593 3081 711 3164 qui
737 3078 1085 3147 Genevam
1105 3080 1527 3166 Equestrium
1549 3081 1908 3149 Civitatem
1936 3102 2090 3148 esse
2124 3083 2423 3162 credunt,
2447 3083 2610 3167 quia
2627 3101 2815 3167 quae·

589 3182 751 3251 dam
776 3190 974 3250 vetus
1012 3184 1359 3269 inscriptio
1404 3173 1841 3265 Genev'ensis,
1889 3191 1967 3252 ut
1995 3186 2198 3266 aiunt,
2237 3185 2399 3272 ejus·
2420 3175 2815 3252 mentionem

591 3284 838 3354 fecerit.
914 3284 1072 3350 Hoc
1100 3287 1302 3351 modo
1332 3293 1495 3372 quot
1521 3288 1906 3353 nominibus
1934 3287 2163 3355 Roma
2186 3289 2489 3357 vocanda
2511 3295 2718 3368 esset,
2746 3288 2815 3356 in

588 3406 732 3474 qua
757 3393 855 3454 tot
893 3395 1312 3456 monumenta
1353 3395 1422 3456 et
1450 3410 1623 3456 saxa
1665 3390 1865 3457 hodie
1908 3397 2162 3472 extant,
2210 3413 2364 3477 quae
2406 3397 2506 3460 tot
2550 3391 2815 3458 urbium

589 3492 987 3558 mentionem
1043 3492 1289 3558 faciunt
1304 3494 1335 3557 ‘l
1428 3492 1736 3590 Denique
1780 3493 2141 3561 Provincia
2199 3495 2685 3612 Sequanorum,
2741 3490 2815 3557 in

595 3613 732 3678 qua
779 3595 1020 3662 civitas
1067 3593 1490 3679 Equestrium
1530 3601 1658 3674 est,
1708 3601 1815 3662 est
1862 3596 1932 3661 in
1967 3598 2233 3663 sinistra
2286 3597 2439 3683 ripa
2487 3595 2807 3663 Lemani.

587 3687 917 3798 Geneva
896 3717 963 3763 ιιι
1002 3698 1260 3777 dextra,
1289 3699 1360 3763 in
1389 3697 1756 3765 Provincia
1782 3697 2166 3765 Viennensi.
2252 3697 2362 3778 Et,
2392 3697 2573 3784 quod
2608 3703 2812 3786 caput

585 3804 717 3878 est
745 3799 1226 3866 Noviodunum
1267 3793 1512 3870 civitas
1553 3803 1955 3886 equestrium
1984 3802 2226 3867 dicitur
2260 3804 2331 3870 in
2361 3805 2813 3887 manuscripta

593 3897 1104 4002 Provinciarnm
1125 3902 1420 3971 Notitia.
1452 3924 1857 3991 quamquam
1874 3907 1968 3971 ibi
1989 3908 2279 3991 positum
2302 3912 2407 3972 est
2423 3905 2808 3985 Neviduno,

593 3987 975 4108 quomodo
956 4025 1026 4070 ιιι
1053 3993 1306 4073 ultimis
1334 4008 1465 4073 illis
1494 4009 1972 4076 obsolescentis
1995 4010 2383 4076 Latinitatis
2398 4009 2810 4096 temporibus

587 4101 816 4174 omnia
842 4106 915 4170 in
940 4109 1146 4195 pejus
1173 4129 1255 4174 ac
1284 4116 1456 4177 reu-o
1489 4112 1881 4193 ferebantur,
1929 4120 2000 4183 et
2031 4120 2108 4179 ut
2143 4114 2428 4201 imperii,
2461 4114 2556 4178 ita
2584 4110 2809 4182 latini

589 4210 916 4278 sermonis
938 4213 1131 4280 ruina
1166 4209 1598 4300 sequebatur.

681 4305 1067 4382 Petrucorii.
1139 4311 1236 4381 Le
1279 4339 1439 4406 pays
1482 4317 1560 4384 de
1584 4317 1936 4409 Perigord.
2009 4313 2273 4389 Eorum
2303 4321 2542 4391 civitas
2586 4318 2809 4392 divisa
