3117 5025
563 398 742 467 2⁰44
1267 406 1588 463 xou'rm
1636 410 2081 465 hircanum.

567 556 799 638 polan-it,
825 571 1122 636 nunquam
1152 554 1460 619 infitebor:
1520 563 1585 616 ut
1600 555 1893 615 Caesarem'
1919 559 2108 613 to'tur'n
2138 551 2459 616 immutarit
2482 551 2573 613 s'ic
2600 550 2783 633 quasi*

570 655 836 717 Justinus
863 654 1148 732 Trogum,
1192 654 1443 731 ignosce,
1488 671 1560 710 ne
1603 650 1985 729 tua'quidem
2025 670 2201 711 causa
2228 670 2468 729 possum
2510 650 2771 710 credere.-

570 754 666 812 De
693 752 826 811 stilo
843 751 1003 829 quod
1024 752 1123 822 ais,
1151 752 1198 810 si
1224 770 1421 810 verum
1446 750 1786 827 quaerimus,
1807 748 1867 807 bi
1892 748 1970 807 de
2000 748 2155 808 bello
2175 747 2411 808 Gallico
2436 746 2772 826 discrepant

569 849 934 927 aliquantum
965 846 1041 906 ab
1080 847 1188 906 illis
1216 847 1294 907 de
1319 847 1512 918 Civili,
1554 844 1657 905 filo
1685 846 1981 915 orationis,
2010 854 2073 905 et
2098 843 2222 904 fieri
2251 853 2464 923 potest,
2495 856 2561 906 ut
2605 844 2781 904 inter·¹

572 945 756 1026 polati
809 946 940 1015 sint,
991 952 1056 1003 ut
1108 943 1267 1005 dixi:
1328 962 1444 1004 non
1500 954 1695 1002 tamen
1730 942 1845 1012 jta,
1896 952 1957 1000 ut
2014 940 2333 1001 similitudo
2386 941 2498 1002 oris
2533 961 2772 1021 prorsus

571 1043 888 1111 evanuerit,
917 1053 975 1102 et
997 1040 1263 1119 quamvis
1292 1040 1509 1120 gemini
1530 1041 1662 1111 sint,
1685 1039 1886 1098 fratres
1914 1048 2109 1099 tamen
2136 1046 2261 1098 e'sse
2284 1058 2355 1099 ex
2383 1040 2512 1118 ipsa
2554 1040 2772 1098 ratione

570 1139 865 1201 scribendi
912 1143 1240 1217 agnoscas.’
1323 1140 1471 1199 Haec
1518 1137 1595 1196 ad
1639 1136 1975 1198 Carrionem
2020 1138 2274 1215 Lipsius.
2362 1138 2541 1197 Error
2580 1145 2772 1195 autem

572 1257 689 1298 nou
718 1237 929 1297 exinde
956 1249 1126 1298 natus
1155 1246 1266 1308 est,
1299 1247 1364 1296 ut
1403 1235 1586 1296 citato
1630 1235 2109 1314 Meuagiauorum
2140 1234 2276 1294 loco
2312 1233 2582 1304 traditur,
2612 1230 2770 1311 quod

569 1335 758 1395 Julius
787 1335 990 1395 Celsus
1019 1334 1198 1394 vitam
1232 1335 1476 1394 Caesaris
1505 1333 1760 1413 scripsit,
1784 1332 1887 1395 sed
1910 1331 2073 1411 quod
2095 1329 2559 1401 Grammaticus,
2585 1327 2774 1388 Julius

571 1432 780 1493 Celsus
825 1433 1247 1492 Constantinus
1284 1432 1532 1502 nomine,
1584 1432 1686 1509 qui
1727 1431 1976 1491 Coesaris
2019 1429 2315 1491 recensuit
2358 1437 2418 1487 et
2473 1425 2779 1506 castigavit

574 1529 1043 1601 commentarios,
1091 1529 1149 1587 in
1196 1529 1276 1588 rei
1322 1529 1717 1591 testimonium
1766 1529 1843 1589 ad
1885 1529 2109 1589 calcem
2160 1524 2469 1586 voluminis
2509 1523 2777 1603 ascripsit

576 1625 703 1685 liaec
747 1626 956 1692 verba:
1022 1634 1040 1658 ‘
1066 1625 1257 1688 Julius
1299 1626 1508 1686 Celsus
1545 1626 1960 1686 Constantinus
1988 1626 2088 1684 ¹V.
2111 1625 2184 1684 C.
2235 1624 2387 1703 legi,'
2434 1622 2578 1692 sive,
2611 1630 2675 1681 ut
2714 1621 2777 1680 iu

577 1721 929 1802 quibusdam
975 1721 1155 1782 codd.
1186 1732 1386 1783 extat:
1432 1730 1449 1756 ⁶
1476 1722 1670 1782 Julius
1696 1723 2042 1784 CelsusVir
2066 1721 2309 1782 Clariss.
2353 1731 2411 1780 et
2455 1720 2666 1779 Comes
2696 1737 2783 1777 re-

578 1821 819 1880 censui!
900 1822 1051 1881 Cum
1094 1821 1293 1899 itaque
1333 1823 1603 1899 exempla
1650 1820 1727 1880 ad
1772 1821 1927 1881 hanc
1968 1818 2367 1879 recensionem
2414 1825 2624 1875 exacta
2668 1834 2777 1894 pro

574 1918 1073 1979 emendatioribus
1121 1919 1490 1989 haberentur,
1532 1919 1755 1979 factum
1798 1927 1908 1988 est,
1938 1927 2000 1977 ut
2049 1915 2282 1985 librarii,
2328 1935 2448 1994 quo
2491 1913 2778 1992 majorem

572 2016 980 2075 auctoritatem
1008 2015 1128 2074 suis
1154 2016 1432 2076 adderent
1460 2013 1789 2087 codicibus,
1816 2015 1900 2074 eis
1948 2014 2099 2074 banc
2129 2012 2497 2092 praefigerent
2535 2008 2782 2088 inscrip-

576 2111 818 2184 tionem,
843 2131 983 2190 quae
1010 2112 1328 2173 etiamnum
1354 2112 1411 2171 in
1441 2112 1739 2172 nonnullis
1764 2112 1939 2172 MSS.
1960 2111 2206 2190 legitur:
2248 2119 2268 2150 ‘
2286 2112 2358 2171 C.
2379 2110 2413 2169 J
2421 2109 2521 2169 ulii
2534 2107 2782 2168 Cae'saris

578 2227 683 2287 per
709 2210 742 2269 J
752 2208 928 2268 ulium
959 2210 1195 2269 Celsum
1234 2210 1681 2270 commentarii!
1762 2211 2029 2271 Fortasse
2055 2227 2173 2269 non
2198 2207 2490 2276 erraverit,
2519 2205 2781 2284 quicum

577 2305 809 2366 erudito
851 2307 997 2376 vit-0,
1029 2307 1327 2367 Bernardo
1377 2309 1641 2380 Moneta,
1689 2308 1802 2368 sibi
1832 2307 2195 2387 persuaserit,
2225 2306 2404 2366 libros
2432 2304 2619 2364 hosce
2662 2310 2781 2363 tres

577 2403 654 2461 de
697 2402 814 2465 vita
862 2402 1107 2463 Caesaris
1144 2414 1446 2465 auctorem
1489 2406 1704 2468 habere
1733 2406 2107 2467 Francisoem
2137 2400 2587 2465 Petras-cluam!
2619 2406 2781 2461 certe

576 2499 967 2577 fragmentum
1005 2500 1082 2561 de
1129 2500 1286 2562 bello
1334 2502 1670 2583 Hispanico,
1727 2503 1886 2582 quod
1931 2504 2398 2582 Jungermanuus
2454 2521 2526 2560 ex
2570 2496 2782 2559 codice

580 2597 895 2664 Petaviano
923 2598 1129 2670 edidit,
1155 2599 1492 2660 Petrarcbae
1520 2599 1736 2660 diserte
1777 2600 1834 2659 in
1866 2599 1967 2658 illo
1986 2600 2118 2659 MS.
2150 2598 2441 2667 tribuitur,
2485 2594 2670 2674 idque
2707 2614 2781 2653 ex

577 2694 734 2755 libro
762 2711 872 2755 111.
922 2715 985 2774 p.
1021 2704 1300 2769 185·l91.
1346 2695 1489 2756 edit.
1534 2697 1861 2757 Graevianoe
1903 2694 1978 2756 ad
2023 2695 2262 2754 verbum
2310 2704 2400 2753 est
2441 2691 2783 2770 repetitum.

584 2792 743 2853 citat
780 2804 1007 2866 auctor,
1053 2794 1314 2873 quisquis
1357 2803 1466 2865 est,
1514 2805 1801 2873 praeterea
1837 2792 2059 2855 Julium
2100 2794 2387 2853 Caesarem
2429 2809 2491 2869 p.
2519 2796 2584 2859 9.
2614 2795 2676 2848 et
2709 2808 2785 2848 ex

578 2890 709 2969 ejus
734 2891 895 2952 libris
917 2911 1107 2953 rerum
1150 2911 1384 2953 suarum
1411 2893 1693 2972 pleraque
1720 2892 1975 2953 hausisse
2000 2911 2059 2950 se
2086 2909 2203 2950 non
2230 2887 2512 2948 diffitetur
2545 2905 2611 2965 p.
2649 2894 2786 2958 194.

579 2986 700 3049 Sed
756 2997 817 3048 et
858 2998 1277 3050 commemorat
1325 2990 1577 3051 Caesaris
1632 2989 1929 3068 Epistolas
1979 2996 2115 3059 139.
2179 2993 2312 3047 140.
2382 2992 2442 3044 et
2496 2992 2787 3045 memorat

578 3084 789 3145 iterum
833 3104 893 3165 p.
930 3095 1065 3157 195.
1117 3085 1332 3164 allegat
1355 3086 1528 3146 etiam
1558 3086 1901 3147 Ciceronem
1942 3104 2002 3164 p.
2033 3092 2092 3144 3.
2129 3092 2265 3145 1.18.
2298 3088 2432 3142 130.
2468 3086 2606 3143 133.
2647 3085 2784 3154 139.

588 3190 725 3252 194.
756 3191 895 3244 202.
961 3183 1256 3260 Epistolas
1283 3183 1357 3244 ad
1389 3183 1653 3245 Atticum
1694 3204 1754 3264 p.
1792 3191 1925 3254 129.
1957 3190 2097 3246 202.
2178 3181 2516 3241 Orationem
2546 3176 2787 3239 Miloni-

581 3295 753 3342 anam
774 3298 838 3358 p.
863 3285 961 3339 85.
991 3299 1102 3359 pro
1131 3271 1418 3343 Marcello
1448 3291 1588 3344 202.
1647 3281 1985 3342 Sallustium
2012 3300 2077 3360 p.
2108 3289 2168 3341 4.
2218 3277 2521 3357 Virgilium
2550 3296 2616 3356 p.
2639 3283 2793 3338 204.-

583 3377 872 3440 Senecam
900 3396 964 3455 p.
1000 3385 1134 3446 157.
1169 3386 1305 3439 180.
1369 3377 1660 3439 Valerium
1691 3379 1857 3437 Max.
1888 3399 1950 3458 p.
1979 3375 2040 3437 6.
2108 3376 2356 3437 Plinium
2385 3374 2518 3434 Sec.
2548 3392 2614 3452 p.
2648 3379 2786 3440 157.

583 3473 819 3534 Florum
849 3492 912 3552 p.
944 3482 1043 3537 58.
1075 3473 1175 3536 62.
1204 3484 1303 3548 79.
1341 3484 1479 3537 118.
1511 3483 1648 3539 185.
1692 3484 1826 3537 144.
1870 3483 2006 3546 189.
2090 3471 2431 3534 Suetonium
2454 3490 2517 3550 p.
2548 3478 2611 3533 8.
2647 3466 2789 3531 126.

587 3579 727 3642 127.
756 3578 893 3634 202.
938 3583 1000 3633 et
1045 3571 1324 3632 Orosium
1382 3591 1520 3652 pag.
1551 3605 1630 3619 -—
1655 3581 1715 3633 et
1756 3571 2136 3651 Augustinum
2192 3588 2258 3648 p.
2298 3576 2433 3630 180.
2478 3567 2789 3627 e'Graecis

585 3668 1045 3748 Xenophontem
1086 3687 1149 3747 p.
1194 3678 1335 3732 202.
1375 3678 1440 3729 et
1479 3668 1738 3729 Platonis
1785 3666 2141 3752 Phaedonem
2192 3685 2254 3745 p.
2289 3674 2427 3727 180.
2484 3664 2789 3724 Socraten

583 3783 649 3848 p.
687 3774 817 3835 127.

652 3926 865 4061 184Ηίηο
887 3929 1094 3981 Celsum
1128 3926 1289 3996 aliqui
1310 3925 1488 3981 fecere
1511 3927 2159 3998 constantinopolitanum.
2203 3922 2518 3992 Meusgiann
2530 3922 2685 3978 Tom-
2710 3936 2786 3976 w.

608 4022 662 4076 Ρ·
748 4042 763 4060 ·
788 4075 792 4082 .
