3117 5025
592 403 767 475 1716
1238 421 1299 472 s.
1343 419 1557 474 cassi
1603 420 2138 476 countBN'rARu

586 562 794 632 eastris
819 562 1056 627 duobus
1080 562 1324 628 dimisso
1345 565 1577 646 gemino
1605 565 1898 646 proesidio,
1929 586 2069 629 cnm
2088 566 2580 651 omnibus.eopiis
2609 577 2800 633 castra

587 660 850 726 hunum
902 660 1147 726 invadit.
1248 660 1468 722 Videns
1523 663 1853 725 Ariovistus
1908 664 2058 724 trahi
2103 665 2355 745 amplius
2410 666 2638 729 ratione
2681 685 2798 729 non

580 775 785 839 posse,
815 758 1077 838 plurimis
1103 779 1177 819 ex
1203 760 1435 840 populis
1484 761 1917 822 Germanorum
1956 761 2251 841 ingentem
2297 762 2800 827 aciem·instruxit

578 862 769 942 atque
795 855 880 916 ita
905 875 1140 916 omnem
1171 857 1491 918 exercitum
1520 857 1655 937 [41]
1694 857 1891 918 rhedis
1936 867 1999 918 et
2043 858 2315 922 curribus
2361 861 2797 931 circumclusit..

586 956 661 1012 nt
696 952 858 1013 nulla
898 951 1057 1033 fuge
1097 972 1221 1032 spe,
1263 954 1586 1032 praesertim
1643 953 1944 1033 equitibus
2001 965 2376 1034 superesset.
2429 957 2689 1018 Puerunt
2740 966 2800 1017 et

589 1047 731 1109 viris
781 1049 1130 1110 intermixtae
1176 1051 1505 1130 fatiloquae,
1562 1050 1642 1110 de
1684 1051 1902 1130 quibus
1941 1050 2193 1113 diximus
2236 1053 2506 1114 mulieres
2551 1054 2797 1132 aliaeque

587 1143 744 1206 viros
761 1155 1009 1220 secutae3
1055 1145 1289 1208 fletibus
1318 1147 1449 1208 altis
1475 1155 1723 1220 orantes,
1761 1167 1837 1208 ne
1865 1149 2144 1209 Romanis
2172 1147 2249 1208 ad
2279 1149 2577 1213 servitium
2603 1145 2801 1212 trade·

578 1252 806 1304 rentur.
890 1245 1327 1306 concurrerunt
1355 1252 1552 1306 autem
1582 1253 1752 1306 tauto
1781 1246 2004 1325 impetu
2032 1246 2339 1318 Germani,
2369 1256 2453 1318 nt,
2482 1265 2798 1326 consump-

583 1346 652 1400 to
681 1360 819 1400 mox
848 1342 1060 1420 spatio,
1090 1342 1254 1420 quod
1290 1342 1447 1402 acies
1488 1341 1822 1414 dirimebat,
1864 1342 2137 1420 jactandi
2185 1343 2318 1421 pila·
2345 1343 2510 1404 nulla
2557 1342 2796 1405 occasio

583 1448 920 1517 superesset
944 1449 1048 1500 aut
1067 1439 1340 1500 facultas.
1424 1440 1537 1499 Pro
1534 1441 1717 1519 jectis
1741 1441 1919 1520 igitur
1943 1439 2275 1512 missilibus,
2313 1459 2402 1501 res
2429 1440 2635 1520 gladiis
2662 1448 2796 1501 acta

584 1541 696 1605 est.
722 1546 937 1598 eventu
963 1535 1364 1615 alioquamdin
1391 1536 1614 1598 dubio:
1658 1537 1849 1599 fracta
1890 1537 2128 1598 tandem
2171 1537 2496 1616 pertinacia
2546 1539 2799 1598 Germa·

584 1648 819 1705 norum,
865 1653 1065 1693 omnes
1103 1643 1267 1713 terga
1307 1644 1644 1698 verterunt:
1690 1646 1752 1697 et
1798 1637 2049 1716 diruptis
2083 1636 2357 1696 obicibus
2405 1636 2795 1715 plaustrorum

586 1727 802 1808 quibus
830 1727 1092 1790 firmasse
1117 1730 1307 1791 aciem
1335 1730 1461 1792 dux
1488 1733 1787 1811 sperabat,
1837 1751 2025 1813 usque
2063 1732 2138 1793 ad
2187 1732 2378 1791 Rheni
2422 1732 2609 1811 ripam
2655 1732 2795 1812 fuga

582 1834 872 1906 perpetua
911 1826 1056 1888 fuit:
1103 1829 1277 1906 cujus
1318 1827 1551 1889 alveum
1595 1829 1796 1890 nando
1852 1828 2126 1908 quidam:
2177 1828 2274 1887 alii
2315 1828 2511 1907 parvis
2551 1830 2792 1909 navigiis

582 1924 928 1986 transierunt
942 1947 962 1996 3
1005 1945 1127 2004 quo
1156 1946 1229 1986 ex
1253 1944 1497 1987 numero
1515 1927 1644 2004 ipse
1672 1926 1785 1987 fuit
1805 1926 2158 1995 Ariovistus,
2188 1925 2292 2004 qui
2319 1924 2592 2004 deposita
2618 1927 2796 1988 credo

584 2021 879 2099 superbiae
905 2041 1025 2081 suae
1053 2023 1303 2093 sarcina,
1334 2042 1467 2101 quae
1494 2031 1659 2084 tanta
1685 2033 1829 2096 erat,
1862 2032 1927 2083 ut
1951 2043 2080 2084 eam
2110 2042 2219 2083 nec
2265 2023 2584 2083 Germania
2623 2042 2798 2104 eape-

583 2126 697 2191 ret,
726 2136 834 2179 nec
854 2120 1054 2179 Gallia
1081 2120 1407 2192 tolleraret;
1453 2120 1656 2180 cimba
1683 2122 1855 2182 unica
1881 2139 2023 2184 casu
2051 2120 2111 2179 in
2135 2121 2264 2201 ripa
2306 2120 2569 2181 citeriore
2607 2120 2794 2181 amnis

582 2215 862 2288 inventa:
909 2218 1068 2277 solus
1097 2217 1155 2276 in
1179 2216 1480 2278 adversam
1508 2217 1694 2296 ripam
1725 2238 1789 2278 se
1813 2217 2121 2297 proripuit.
2205 2217 2438 2296 Reliqui
2480 2238 2634 2297 pene
2671 2237 2795 2280 om-

584 2332 689 2374 nes
734 2313 992 2374 instante
1037 2315 1307 2375 Romano
1332 2313 1599 2392 equitatu
1643 2314 1694 2351 ³⁸
1710 2313 1865 2392 fugae
1893 2314 2089 2374 medio
2134 2313 2381 2392 periere.
2420 2315 2530 2376 :ln
2579 2314 2792 2392 quibus

587 2409 723 2470 duae
750 2410 1029 2470 Ariovisti
1052 2410 1334 2490 conjuges
1359 2412 1540 2472 altera
1566 2410 1776 2481 Sueva,
1806 2410 2028 2470 Norica
2050 2410 2511 2491 altera,quarum
2540 2411 2787 2489 prinum

586 2506 766 2568 domo
822 2507 1158 2588 digrediens
1213 2508 1513 2580 eduxerat,
1588 2507 1908 2570 secundant
1960 2508 2105 2569 dum
2159 2507 2220 2568 in
2286 2508 2522 2569 Galliis·
2557 2527 2788 2583 moram

585 2605 781 2675 traxit,
835 2604 1102 2677 duxerat,
1159 2604 1409 2667 filiarum
1458 2624 1697 2684 quoque
1752 2605 1938 2665 altera
1991 2625 2148 2665 caesa
2189 2605 2322 2674 fuit,
2367 2614 2548 2684 capta
2585 2605 2787 2666 altera.

586 2704 668 2764 G.
694 2702 980 2774 Valerius,
1013 2722 1191 2781 quem
1237 2703 1314 2764 ab
1362 2702 1654 2763 Ariovisto
1699 2712 1936 2781 captum
1978 2703 2447 2775 memoravimus,
2497 2704 2554 2762 in
2595 2701 2789 2781 ipsum

583 2799 898 2872 Caesarem,
925 2802 1151 2860 bostem
1180 2800 1628 2878 insequentem;
1668 2798 1814 2859 dum
1861 2798 2050 2860 tribus
2076 2799 2292 2861 catenis
2322 2800 2553 2860 vinctus
2597 2799 2791 2860 trahe·

581 2906 742 2959 retur
788 2896 995 2959 incidit
1011 2921 1028 2970 3
1074 2916 1197 2981 quo
1224 2898 1305 2956 nil
1333 2897 1522 2958 laetius
1545 2897 1607 2957 in
1635 2906 1760 2958 tota
1784 2897 1882 2958 illa
1907 2897 2150 2958 victoria
2180 2897 2381 2957 Caesar
2409 2896 2589 2957 vidit:
2635 2916 2792 2958 sum·

582 3014 679 3056 ma
708 2994 820 3055 sibi
847 2995 1050 3057 laetitia
1076 3014 1146 3054 ac
1180 2996 1453 3073 voluptas
1482 2994 1613 3066 suit,
1647 2996 1835 3056 virum
1861 2995 2058 3068 talem,
2101 3004 2345 3074 tamque
2371 2994 2426 3053 ei
2455 2994 2786 3055 familiarem

583 3091 1004 3154 crudelissimis
1034 3092 1292 3154 hostium
1319 3091 1611 3162 manibus,
1631 3091 1846 3172 quibus
1872 3090 1990 3171 ipse
2009 3111 2144 3152 eum
2171 3091 2497 3169 objecerat,
2519 3102 2788 3168 ereptum

581 3190 914 3270 recepisse:
986 3210 1178 3269 neque
1248 3189 1324 3250 de
1388 3209 1495 3250 sua
1559 3189 1942 3268 prosperitate
2009 3187 2229 3267 aliquid
2300 3186 2474 3247 amici
2557 3186 2791 3247 miseria

556 3286 961 3352 diminutum.
1042 3289 1147 3348 Ille
1208 3307 1347 3349 vero
1370 3298 1375 3305 ‘
1377 3286 1508 3365 jam
1555 3287 1706 3347 liber
1759 3284 1951 3347 flebile
2005 3284 2318 3347 ridiculum
2365 3283 2658 3356 narrabat,
2687 3302 2783 3344 co·

556 3403 707 3447 ‚ram
767 3405 828 3446 se
895 3384 1070 3447 fuisse
1137 3384 1210 3445 de
1270 3405 1376 3446 sua
1430 3385 1622 3447 salute
1683 3383 1939 3445 sortibus
1985 3382 2367 3461 inquisitum:
2442 3400 2517 3442 an
2564 3380 2790 3441 scilicet

581 3481 831 3545 flammis
858 3483 1185 3543 exurendus
1215 3492 1387 3556 esset,
1417 3484 1576 3544 auin
1601 3491 1831 3560 tempus
1858 3479 2022 3541 aliud
2050 3478 2431 3548 differendus,
2460 3498 2640 3558 seque
2657 3476 2787 3557 jam

570 3579 745 3656 jactu
775 3579 1016 3640 sortium
1043 3580 1310 3652 dilatum,
1338 3579 1625 3642 beneficio
1643 3578 1891 3641 Caesaris
1920 3578 2146 3638 salvum
2172 3595 2299 3637 esse
2323 3597 2344 3636 ε
2385 3576 2612 3656 collega
2635 3594 2789 3654 quo-

581 3696 698 3755 que
723 3677 854 3756 ejus
897 3676 1231 3738 reinventus
1258 3678 1481 3738 Metius
1509 3686 1571 3736 et
1599 3675 1819 3736 Coesari
1847 3681 2235 3754 praesentatus
2282 3672 2445 3733 anxit
2482 3671 2784 3753 gaudium.

578 3773 714 3851 [42]
755 3775 884 3835 Hac
940 3774 1189 3835 victoria
1234 3773 1588 3852 dimulgata3
1634 3773 1829 3846 suevi,
1888 3773 1991 3852 qui
2038 3771 2114 3832 ad
2171 3772 2440 3831 Rhenum
2487 3768 2785 3831 transituri

583 3881 972 3932 convenerant
997 3881 1408 3942 retrocessere;
1453 3868 1754 3949 effuseque
1774 3868 1985 3929 domos
2015 3887 2150 3928 suas
2175 3884 2248 3928 ac
2275 3866 2502 3947 trepide
2523 3872 2789 3944 repeten-

584 3975 697 4036 tes,
723 3986 759 4026 a
795 3965 1048 4027 finitimis
1091 3986 1299 4046 magna
1326 3975 1516 4045 strage
1565 3964 1744 4026 deleti
1783 3974 1945 4026 sunt:
1992 3982 2351 4043 magnosque
2377 3963 2437 4022 in
2467 3960 2788 4023 Germania

580 4062 727 4123 etin
757 4063 953 4124 Gallia
999 4083 1191 4129 rerum
1235 4072 1429 4123 motus
1478 4064 1657 4142 hujus
1702 4062 1900 4141 proelii
1945 4072 2186 4122 eventus
2232 4061 2507 4122 excierat.
2588 4059 2789 4121 emm

578 4169 778 4224 autem
806 4144 1010 4223 'aestate
1037 4179 1153 4220 una
1179 4160 1411 4220 duabus
1458 4158 1698 4220 inclitus
1741 4158 2016 4231 victoriis,
2061 4157 2189 4217 ³⁹et
2235 4158 2556 4235 Sequanos,
2602 4151 2785 4234 paulo

998 4327 1064 4375 ⁸8
1095 4322 1423 4409 Fort5‚f·soe
1441 4323 1495 4373 ia
1514 4322 1817 4375 modim—89
1846 4321 2009 4389 Lege,
2030 4318 2083 4372 a·
2103 4316 2357 4384 Sequanae.
