3117 5025
560 347 741 421 1904
1140 369 1214 418 n.
1270 363 1680 417 nonwanm
1733 366 2256 418 mssnmwrlo·

560 534 681 574 non
709 511 897 574 solum
922 512 1083 575 vobis
1122 512 1423 587 obsistere,
1464 513 1573 577 sed
1593 516 1771 576 etiam
1797 495 2001 586 coeluaen
2044 513 2284 577 dame
2316 520 2566 595 possent
2582 516 2616 577 9
2680 514 2804 577 De-

562 609 900 673 clamatoris
946 610 1065 684 illa,
1121 629 1240 672 non
1292 611 1561 687 oratoris,
1623 612 1923 675 affectatio
1977 622 2093 675 est.
2199 611 2494 674 Dixerunt
2552 611 2798 693 quidem

565 709 865 780 Germani,
912 708 1126 776 Suavis
1155 709 1272 770 suis
1312 730 1386 771 ne
1410 695 1592 772 ⁸Deos
1619 709 1862 791 quidem
1903 710 2264 774 immortales
2306 728 2481 790 pares
2510 728 2638 772 esse
2689 729 2800 791 po,

563 805 764 881 tuisse,
824 806 976 870 nen.
1023 807 1183 871 Gan.
1222 805 1328 871 ub.
1378 824 1471 874 ιν.
1529 793 1586 871 ὁ.
1622 818 1720 871 10.
1770 808 1876 871 ned
1926 807 2160 870 barbari
2203 807 2307 881 mi,
2353 826 2476 868 non
2523 807 2798 872 Romani.

564 906 726 967 Inter
751 905 1160 967 Ciceronianus
1187 907 1501 969 multorum
1531 926 1872 969 coaevorum
1901 906 2147 987 legimus
2188 905 2509 986 epistolasg
2567 901 2800 969 nuliam

562 1014 780 1078 tamen,
812 1023 948 1083 quae
988 1005 1340 1066 cothurnum
1371 1004 1535 1065 illum
1564 1004 1779 1084 sapiat.
1859 1001 2103 1065 Nullum
2131 1012 2276 1082 erat,
2322 1010 2495 1064 aetate
2523 1002 2798 1079 Caesaris,

560 1101 750 1168 otium
790 1100 1367 1182 istiusmodi·ingenii
1392 1102 1637 1174 lusibus,
1669 1121 1805 1163 cum
1849 1101 1925 1163 de
1959 1101 2137 1162 rebus
2184 1100 2345 1162 seriis
2380 1100 2804 1161 momentosis·

564 1217 702 1278 que,
736 1199 811 1261 de
840 1199 957 1260 vita
982 1199 1350 1281 fortunisque
1378 1201 1659 1262 clientum
1689 1201 1782 1261 vel
1811 1199 1969 1262 fama
2006 1208 2248 1280 agerent
2275 1207 2556 1260 oratores.
2639 1197 2799 1260 Sunt

562 1291 938 1358 nihilominus
984 1297 1249 1377 primaevi
1290 1298 1551 1360 auctoris
1604 1297 1785 1366 Hirtii
1830 1297 2009 1359 etiam
2048 1298 2109 1362 iu
2151 1297 2267 1358 hoc
2307 1315 2484 1378 opere
2524 1293 2799 1375 vestigia,

560 1394 717 1465 Quae
745 1394 926 1456 babet
946 1395 1281 1458 communia
1313 1415 1450 1458 cnm
1478 1393 1608 1456 aliis
1638 1395 1815 1456 bonae
1841 1394 1984 1456 fidei
2004 1394 2368 1467 auctoribus,
2398 1411 2520 1458 non
2548 1392 2797 1456 aliunde

556 1511 858 1554 manasse
899 1512 1145 1554 censeo:
1197 1493 1458 1574 inprimis
1487 1494 1658 1567 illud,
1689 1493 1850 1575 quod
1894 1495 2188 1554 Caesarem
2231 1492 2398 1553 dicat
2437 1491 2797 1554 dictatorem

561 1606 668 1661 111.
698 1589 1065 1671 designatum
1093 1607 1188 1651 lv.
1218 1612 1337 1653 non
1365 1596 1457 1667 (ut
1491 1593 1624 1652 vult
1665 1601 1870 1655 auctor
1909 1590 2175 1670 alioquin
2220 1588 2698 1650 accuratissimus
2734 1590 2799 1661 in

564 1685 811 1747 historia
859 1689 1145 1758 Romana,
1188 1690 1702 1766 Sigoniuslanno,
1745 1709 1867 1767 quo
1891 1688 2172 1764 ‚Africam
2227 1685 2472 1765 recepit,
2516 1686 2620 1746 sed
2672 1706 2799 1766 quo

569 1783 730 1845 bello
771 1782 933 1844 civili
981 1784 1042 1859 in
1087 1781 1377 1864 Hispania
1432 1781 1607 1843 finem
1645 1782 1947 1861 imposuit,
1991 1785 2161 1843 Varr.
2206 1781 2431 1843 scilicet
2458 1790 2604 1854 709.
2689 1783 2798 1846 Sic

562 1881 717 1942 enim
744 1900 948 1944 coaeva
975 1900 1270 1944 marmora
1289 1881 1625 1962 Capitolina
1651 1888 1835 1962 atque
1862 1878 2191 1942 Gelotiana.
2275 1879 2377 1941 Sic
2397 1878 2577 1940 etiam
2602 1880 2797 1941 coaevi

562 1977 810 2048 nummi.
918 1982 1112 2041 Immo
1162 1989 1392 2053 auctor,
1443 1999 1621 2061 quem
1676 1979 2054 2059 sequebatur,
2125 1977 2512 2040 Plutarchus:
2581 1977 2794 2041 melius

565 2076 810 2150 scilicet,
857 2095 1039 2158 quam
1079 2077 1200 2151 alii,
1249 2078 1422 2139 etiam
1465 2086 1708 2151 veteres,
1752 2097 1865 2144 nec
1912 2076 1992 2139 ab
2041 2077 2158 2146 hoc
2203 2076 2423 2137 saeculo
2462 2073 2793 2140 admodum

564 2176 795 2249 remoti,
825 2176 927 2257 qui
954 2175 1304 2242 dictaturam
1355 2176 1606 2238 Caesaris
1642 2176 1869 2240 unitate
1910 2176 2129 2238 faciunt
2181 2175 2525 2246 auctiorem.
2613 2175 2797 2241 Hirtii

556 2272 736 2333 etiam
763 2292 1081 2352 personam
1108 2274 1324 2354 arguit,
1359 2273 1519 2355 quod
1552 2275 1670 2338 hoc
1712 2283 1842 2337 toto
1868 2274 2026 2336 bello
2056 2273 2384 2354 Hispanico
2412 2273 2497 2338 sic
2524 2273 2797 2355 loquitur

554 2380 786 2444 auctor,
816 2370 987 2452 quasi
1030 2371 1154 2452 ipse
1195 2391 1451 2452 praesens
1494 2371 1768 2452 adfuerit,
1817 2383 1878 2434 et
1920 2371 2172 2445 Caesaris
2212 2381 2410 2452 partes
2450 2371 2630 2433 fuerit
2668 2391 2795 2434 am·

552 2469 785 2557 plexus.
864 2469 1060 2531 Prima
1104 2469 1226 2532 fere
1265 2489 1518 2552 persona
1560 2470 1709 2545 Nos,
1758 2469 1972 2553 inquit,
2027 2478 2089 2533 et
2135 2469 2508 2539 Ctesarianos
2551 2475 2796 2534 nostros

562 2566 841 2647 appellat.
898 2569 1035 2639 Hoc
1062 2587 1276 2646 nempe
1303 2576 1452 2641 erat,
1481 2568 1645 2648 quod
1674 2569 1735 2628 in
1765 2568 1904 2629 belli
1934 2567 2151 2630 Gallici
2177 2567 2314 2627 libri
2342 2582 2502 2626 vlu.
2532 2565 2790 2647 Prologo

550 2663 679 2745 ipse
707 2672 1019 2726 monuerat
1047 2665 1297 2741 Hirtius,
1328 2666 1441 2725 sibi
1483 2687 1560 2727 ne
1610 2666 1755 2731 illud
1806 2665 2044 2745 quidem
2087 2662 2394 2736 accidisse,
2437 2671 2506 2723 ut
2533 2663 2794 2731 Alexan,

552 2760 725 2822 drino
752 2770 930 2842 atque
961 2762 1247 2824 Africano
1290 2762 1448 2824 bello
1492 2762 1826 2825 interesset:
1871 2764 2116 2825 innuens
2151 2759 2420 2840 proinde,
2450 2760 2512 2821 in
2551 2760 2794 2842 reliquis

555 2859 722 2920 bellis
771 2860 880 2921 sibi
910 2879 1152 2938 quoque
1190 2877 1435 2939 operam
1470 2857 1648 2921 fuisse
1694 2878 1814 2928 non
1857 2858 2141 2920 inutilem.
2225 2857 2363 2917 Non
2402 2856 2483 2917 ita
2523 2866 2689 2918 certe
2727 2857 2790 2919 in

554 2956 714 3018 bello
744 2957 1148 3018 Alexandrino
1176 2956 1459 3036 loquitur,
1486 2963 1592 3016 aut
1616 2955 1922 3016 Africano.
1989 2956 2303 3035 Nusquam
2330 2953 2415 3013 ibi
2440 2953 2653 3034 prima,
2683 2953 2790 3016 sed

552 3053 729 3116 tertia
756 3072 1022 3134 persona,
1052 3054 1310 3116 absentis
1338 3052 1611 3115 nimirum
1656 3053 1858 3133 potius
1886 3071 2062 3133 qaam
2105 3051 2287 3124 illias,
2316 3049 2422 3131 qui
2446 3050 2628 3112 rebus
2656 3052 2788 3132 ipss

556 3150 828 3230 gerendis
847 3150 1195 3224 interfuerit,
1224 3151 1618 3214 narrationem
1645 3149 1916 3211 instituit.
1968 3149 2100 3211 Nec
2127 3158 2275 3230 puto
2302 3148 2416 3209 hoc
2445 3146 2788 3228 previdisse

553 3245 1052 3325 interpolatorem,
1081 3247 1141 3313 in
1171 3248 1414 3339 reliquis
1440 3248 1595 3310 adeo
1622 3264 1915 3343 personoeg,
1941 3264 2124 3344 quam
2152 3242 2448 3333 sustinuit,
2475 3244 2785 3315 incautum

552 3354 735 3427 atque
760 3343 1138 3419 obliviosum,
