3117 5025
575 412 752 484 1736
1224 435 1286 485 J.
1329 435 1542 486 euasi
1591 437 2126 491 constituntur

575 584 745 655 dens,
791 591 810 618 ‘
839 584 1056 644 nullam
1088 584 1198 645 iliis
1225 605 1399 664 posse
1425 608 1623 650 seeum
1654 611 1780 651 esse
1803 590 2138 652 amicitiam'·
2164 593 2263 666 ait,
2305 592 2452 655 ‘nisi
2479 600 2778 680 quampri-

574 700 733 740 mum
763 681 976 740 Gauiae
1004 680 1220 741 finibus
1246 683 1630 763 emigrarent:
1673 709 1862 767 neque
1889 689 2029 749 satis
2056 708 2116 749 se
2153 690 2347 751 mirari
2370 712 2565 771 posse,
2618 715 2780 780 qua-.-

572 795 708 836 nam
736 788 889 836 esset
916 779 1025 837 ista
1052 779 1222 850 ratio,
1271 789 1336 840 ut
1361 781 1464 860 qui
1491 802 1598 843 sua
1622 784 1934 846 defendere
1972 806 2084 847 non
2116 786 2387 863 valerent,
2429 790 2775 856 invaderent

572 874 795 934 aliena:
836 876 1009 953 quasi
1037 876 1111 935 ad
1144 876 1415 955 injuriam
1444 879 1825 952 inferendam,
1856 903 2033 962 quam
2074 885 2150 945 ad
2200 885 2624 950 defendendam
2645 890 2777 970 jus-

574 970 762 1030 titiam
792 971 1091 1032 fortiores:
1136 993 1273 1034 eum
1320 976 1662 1041 fortioribus
1708 980 1843 1040 viris
1894 981 2039 1043 vires
2066 982 2288 1043 addere
2315 985 2501 1046 soleat
2524 988 2778 1049 animos-

575 1086 692 1146 que
738 1067 1002 1128 defensio
1048 1080 1321 1150 suscepta
1357 1073 1642 1150 justitiaeg
1688 1095 1881 1156 neque
1936 1097 2074 1139 vero
2126 1099 2255 1140 esse
2300 1101 2469 1161 agros
2521 1085 2671 1146 ullos
2715 1086 2776 1146 in

574 1165 794 1238 Gallia,
825 1167 925 1247 qui
954 1177 1129 1229 tantae
1158 1170 1455 1230 hominum
1485 1172 1848 1233 multitudini
1872 1174 2146 1254 assignari
2168 1178 2394 1256 possint
2419 1180 2539 1241 sine
2564 1181 2777 1260 injuria

572 1280 983 1341 possessorum.
1068 1269 1216 1327 Esse
1242 1278 1437 1329 autem
1464 1271 1621 1349 apud
1650 1291 1716 1332 se
1741 1272 1983 1334 aliarum
2012 1275 2270 1352 gentium
2310 1277 2553 1356 legatos,
2574 1356 2577 1360 ¹
2600 1278 2779 1358 inpri-

572 1360 688 1421 mis
730 1363 1120 1436 ⁷0vibiorum‚
1151 1365 1475 1426 amicorum
1504 1368 1713 1446 populi
1739 1370 2006 1443 Romani,
2053 1371 2129 1432 de
2156 1373 2476 1435 Suevorum
2503 1375 2777 1436 violentia

575 1470 1027 1538 conquerentes,
1073 1480 1368 1540 opemque
1411 1475 1760 1543 poscentes:
1805 1487 1981 1546 posse
2007 1489 2109 1530 eos
2148 1489 2286 1530 eum
2333 1470 2445 1532 iilis
2492 1472 2775 1545 habitare,

575 1559 767 1619 donec
797 1558 1059 1636 utrisque
1088 1561 1420 1622 consultum
1443 1562 1554 1624 sit:
1599 1584 1660 1624 se
1689 1565 1894 1627 Suevis
1911 1567 2346 1647 imperaturum,
2377 1578 2444 1631 ut
2468 1570 2545 1631 ab
2573 1589 2775 1631 eorum

542 1639 989 1717 'offensionibus
1034 1657 1404 1719 abstineant!
1484 1661 1690 1739 Legati
1736 1683 1800 1722 se
1858 1674 1997 1743 post
2042 1665 2302 1726 triduum
2343 1666 2648 1738 redituros,
2688 1685 2777 1727 re-

574 1773 978 1834 sponsumque
1006 1775 1128 1816 suae
1174 1757 1366 1836 gentis
1413 1759 1696 1820 retaturos
1746 1780 1885 1821 eum
1929 1761 2230 1834 dixissent,
2256 1773 2671 1843 poposcerunt,
2702 1784 2774 1824 ne

571 1861 765 1912 eastra
788 1853 1023 1914 interim
1041 1864 1449 1933 promoveret:
1494 1857 1672 1918 sensit
1699 1856 1967 1946 fraudem
2004 1862 2237 1932 Cassan
2281 1862 2595 1940 Equitatus
2620 1861 2776 1920 enim

570 1960 792 2030 purtem
824 1971 1092 2031 magnam
1120 1963 1279 2013 trans
1306 1955 1536 2015 Mosam
1568 1974 1793 2016 amnem
1833 1956 2253 2019 frumentatum
2299 1959 2379 2019 ab
2425 1958 2495 2019 iis
2540 1959 2776 2018 missam

566 2058 845 2118 senserat,
867 2068 1047 2128 quarn
1076 2049 1190 2111 hoe
1212 2052 1401 2129 spatio
1430 2052 1709 2131 temporis
1736 2054 2149 2133 expectabant.
2203 2053 2337 2134 [67]
2377 2057 2585 2135 Itaque
2614 2054 2773 2134 quod

571 2153 843 2224 peterent
869 2165 932 2205 se
960 2145 1252 2207 facturum
1283 2149 1537 2227 negavit,
1565 2151 1997 2232 processitque,
2029 2161 2090 2214 et
2117 2172 2254 2213 cum
2294 2153 2425 2231 jam
2474 2153 2584 2212 nisi
2629 2153 2781 2213 duo-

573 2241 766 2302 decim
798 2241 954 2301 milia
981 2261 1262 2320 passuum
1288 2242 1533 2306 distaret
1559 2266 1598 2306 a
1625 2245 1908 2318 barbaris,
1934 2249 2107 2329 legati
2151 2248 2279 2308 ⁷¹ad
2307 2250 2498 2327 ipsum
2527 2262 2777 2327 poscen-

574 2350 661 2400 tes
686 2338 989 2399 instantius
1028 2349 1426 2412 occurrerunt,
1475 2341 1657 2420 idque
1702 2362 1840 2404 cum
1886 2344 2091 2405 iterum
2139 2353 2443 2425 negasset:
2485 2344 2780 2424 petierunt

574 2446 642 2497 ut
665 2438 741 2498 ad
772 2456 906 2497 suos
934 2437 1182 2518 equites,
1209 2440 1315 2519 qui
1339 2439 1649 2520 praeibant,
1678 2440 1976 2502 mandaret
2002 2442 2213 2523 proelio
2243 2442 2558 2515 abstinere,
2583 2441 2776 2502 donee

570 2536 678 2614 ipsi
704 2536 929 2615 legatos
976 2535 1051 2595 ad
1098 2556 1224 2608 eos,
1276 2556 1429 2615 quos
1476 2537 1537 2596 in
1585 2537 1796 2601 eadem
1844 2539 2182 2600 conditione
2229 2558 2362 2600 eum
2410 2537 2609 2599 Suevis
2651 2557 2777 2598 esse

572 2634 901 2705 ⁷²deberet,
928 2635 1307 2706 destinarent,
1362 2644 1428 2695 ut
1476 2635 1693 2697 foedere
1721 2656 1854 2698 cum
1880 2637 2102 2698 eisdem
2132 2637 2274 2710 ioto,
2320 2634 2489 2698 simul
2531 2634 2775 2697 caesaris

570 2731 816 2801 consilio
844 2740 1176 2793 uterentur:
1224 2731 1453 2792 Adhaee
1480 2732 1837 2812 exploranda
1861 2742 1925 2794 et
1951 2732 2236 2793 firmanda
2279 2751 2417 2793 eum
2442 2731 2634 2792 Vibiis
2677 2731 2780 2819 tri-

571 2830 694 2890 duo
720 2830 897 2892 etiam
945 2849 1099 2909 opus
1145 2849 1296 2895 esse.
1375 2829 1671 2890 Intellexit
1717 2848 1956 2909 quoque
2007 2831 2207 2890 Caesar
2250 2831 2403 2889 hane
2433 2828 2776 2908 petitionem

570 2929 777 2989 eodeni
805 2940 1095 3008 spectare,
1125 2946 1246 3006 quo
1273 2926 1543 3006 primam.
1627 2926 1957 3006 Respondit
1984 2934 2180 2986 tamen
2219 2946 2297 2995 se,
2341 2928 2394 2965 ⁷³
2409 2926 2485 2987 de
2529 2925 2632 2986 illo
2657 2944 2774 2986 non

570 3025 826 3104 amplius
881 3045 1059 3105 quam
1107 3034 1363 3103 quatuor
1417 3024 1572 3084 milia
1626 3043 1905 3103 passuum
1950 3042 2412 3102 progressurum.
2492 3022 2619 3084 Illic
2675 3023 2774 3083 die

568 3122 839 3203 proximo
892 3122 1184 3193 adessent,
1239 3141 1376 3182 cum
1431 3122 1650 3202 quibus
1701 3121 1779 3181 de
1831 3120 2062 3181 illorum
2116 3119 2398 3200 petitione
2450 3119 2777 3192 dissereret,

569 3219 869 3300 equitibus
895 3219 1270 3280 nihilominus
1307 3221 1441 3297 jam
1481 3219 1807 3299 progressis
1854 3218 2154 3279 mandavit
2188 3237 2261 3279 ne
2304 3217 2498 3277 hostes
2539 3216 2779 3277 invade·-

569 3327 723 3380 rent.
807 3316 988 3387 Quod
1019 3317 1067 3376 si
1113 3317 1192 3377 ab
1234 3316 1344 3376 illis
1388 3315 1822 3389 invaderentur,
1875 3334 2059 3395 usque
2105 3314 2183 3375 ad
2231 3313 2417 3394 ipsius
2460 3314 2775 3375 adventum

574 3412 766 3494 ⁷⁴ipse
793 3424 987 3475 tamen
1016 3414 1391 3477 s'ustinerent.
1471 3412 1715 3494 Equites
1751 3414 1921 3492 jussu
1963 3411 2134 3474 ducis
2176 3420 2464 3490 acceptos
2507 3419 2570 3471 et
2611 3414 2661 3450 ⁷³
2674 3407 2781 3489 qui

575 3512 738 3592 apud
765 3512 990 3592 legatos
1019 3511 1280 3573 hostium
1308 3511 1627 3582 vadissent,
1654 3519 1934 3591 tanquam
1976 3511 2035 3569 in
2080 3528 2229 3589 paee
2273 3508 2467 3569 securi
2508 3509 2676 3570 ibant
2719 3515 2782 3569 et

573 3611 825 3672 incauti:
869 3608 1009 3670 fidei
1037 3609 1269 3689 signum
1296 3629 1412 3670 non
1439 3607 1791 3688 prudentiae.
1875 3607 1945 3668 td
1974 3626 2111 3669 eum
2153 3608 2346 3668 hostes
2386 3606 2779 3667 advertissent

574 3706 816 3788 ⁷⁶quam
843 3727 1086 3769 numero
1113 3707 1285 3787 longe
1325 3708 1578 3787 impares
1624 3704 1931 3784 repentino
1977 3705 2201 3785 impetu
2240 3703 2451 3765 invecti
2499 3703 2777 3783 quadrin-

574 3814 783 3884 gentos
810 3804 1179 3885 septuaginta
1224 3824 1298 3865 ex
1344 3804 1429 3865 eis
1478 3801 1860 3864 oeciderunt:
1900 3802 2160 3882 reliquos
2213 3801 2275 3862 in
2328 3801 2528 3880 fugam
2581 3817 2775 3859 versos

573 3900 806 3981 insequi
833 3922 948 3963 non
976 3903 1137 3981 prius
1162 3902 1459 3964 desierunt
1487 3919 1667 3982 quam
1692 3900 1768 3961 ad
1795 3908 2173 3980 conspectum
2220 3898 2473 3959 Caesaris
2513 3906 2602 3958 est
2646 3912 2779 3976 per-

638 4149 705 4196 ⁷⁰
738 4146 901 4211 Lege,
920 4144 1165 4209 Ubiorum,
1183 4152 1240 4198 et
1256 4146 1331 4199 sie
1349 4144 1564 4199 Inferius
1586 4147 1835 4213 Ubii-spru
1863 4144 2166 4199 Wlfflin—⁷1
2203 4140 2579 4208 Lege,id·—⁷2
2611 4137 2776 4202 ΙΨ,

571 4226 895 4278 «ἰᾶσθαι-78
930 4228 1091 4294 Lege,
1108 4226 1333 4280 dise—'14
1366 4231 1526 4295 Lege,
1544 4230 1786 4294 ἱρά-76
1822 4229 2001 4292 Ferte,
2020 4224 2167 4291 etqui
2196 4225 2324 4289 qud
2341 4220 2780 4284 cameramos

572 4307 777 4359 Μαι
795 4309 1169 4361 videnum—⁷6
1200 4310 1360 4378 Lege,
1377 4325 1676 4378 quanqum.
