3117 5025
959 456 1056 505 na
1106 456 1285 505 vri-A
1329 457 1533 508 sumt
1582 455 1936 511 casatus.
2370 448 2542 515 1701

334 601 621 665 Romanis
642 603 804 665 omni
831 612 1092 686 tempore
1111 627 1184 668 ac
1211 608 1345 669 loco
1370 608 1447 669 ad
1476 610 1860 672 resistentiam
1897 609 2152 691 paratis:
2195 612 2307 672 hac
2341 632 2544 675 neces-

335 701 509 761 sitate
536 700 615 761 ad
644 701 758 762 iter
793 702 970 773 aliud,
1022 705 1182 783 quod
1229 704 1380 765 inter
1407 707 1648 766 consilia
1676 708 1864 787 prima
1884 707 2325 781 damnaverant,
2353 709 2542 770 redire

332 799 811 876 compulsisuntg
859 800 1023 880 quod
1041 803 1316 880 quoniam
1340 804 1624 883 Sequanis
1646 804 1976 864 nolentibus
1990 806 2536 884 periculosissimum

334 895 622 968 sciebant,
648 899 840 976 primo
870 899 999 959 illos
1039 901 1310 980 precibus
1337 903 1736 982 nequidquam
1775 903 2018 983 experti,
2052 904 2424 983 Domnorigis
2468 905 2545 964 ad

334 993 613 1053 auxilium
630 995 1008 1076 confugiunt:
1051 1010 1112 1058 ut
1125 1018 1230 1078 per
1244 999 1404 1060 illum
1423 999 1588 1078 quod
1607 1020 1715 1081 per
1734 1021 1796 1060 se
1817 1009 2116 1079 nequeunt
2141 1011 2543 1079 assequantur.

332 1088 395 1147 ls
431 1088 648 1151 ⁶³Edui
693 1093 935 1171 pollens,
975 1095 1064 1155 vir
1080 1097 1513 1175 magnanimus,
1541 1105 1607 1157 et
1638 1094 1942 1176 ⁴5“uterque
1970 1097 2127 1176 genti
2154 1096 2374 1157 amicus
2415 1108 2543 1158 erat

331 1195 395 1244 et
429 1188 737 1248 crescendi
776 1191 1054 1271 cupidine
1080 1191 1470 1256 inflammatus
1512 1202 1575 1255 et
1593 1191 2045 1255 ⁶⁵mediocribus
2097 1193 2358 1255 insuetus
2385 1195 2541 1255 curis

332 1280 719 1347 ⁴⁵⁶multorum
770 1290 1029 1368 gentium
1073 1291 1316 1369 gratiam
1365 1291 1565 1352 studio
1613 1291 1933 1370 quaerebat.
2013 1288 2366 1369 ⁶⁷Cupidiue
2408 1309 2547 1371 ergo

337 1373 400 1440 'se
447 1402 556 1460 pro
587 1385 873 1447 Helvetiis
915 1387 1076 1467 apud
1122 1390 1426 1466 Sequanos
1462 1391 1834 1470 interponens
1881 1388 2190 1449 transitum
2232 1387 2545 1467 impetrat:

338 1478 491 1539 ultro
531 1480 804 1562 citroque
848 1484 1005 1545 datis
1034 1484 1340 1545 obsidibus
1386 1505 1460 1546 ne
1507 1488 1749 1547 transire
1786 1483 2262 1567 ⁶¹'prohibebuut,
2289 1484 2426 1545 hinc
2472 1505 2546 1544 ue

334 1579 569 1645 vocavit
594 1582 975 1645 transeundo.
1057 1584 1205 1643 Haec
1227 1604 1361 1644 cum
1386 1586 1601 1645 Caesari
1628 1585 2015 1646 innotuissent
2042 1585 2257 1645 veritus
2282 1584 2541 1644 hostium

336 1676 638 1736 transitum
686 1677 876 1739 multa
921 1681 1119 1759 gravia
1146 1682 1322 1742 sociis
1348 1682 1665 1755 illaturum,
1710 1702 1903 1763 neque
1957 1693 2048 1743 sat
2094 1680 2379 1761 paucitati
2424 1700 2544 1740 sua:

336 1769 543 1845 fidens,
576 1793 772 1854 neque
801 1777 963 1858 quod
988 1778 1328 1841 intendebat
1355 1801 1460 1860 per
1485 1782 1729 1841 nuncios
1760 1779 1884 1840 lieri
1916 1799 2089 1859 posse
2114 1797 2371 1859 sperans,
2399 1798 2542 1838 con-

339 1870 523 1931 silium
571 1874 737 1952 capit
783 1893 856 1934 ex
910 1886 1193 1956 tempore.
1278 1880 1560 1957 Dumque
1616 1878 1870 1938 Helvetii
1911 1878 1969 1936 in
2016 1876 2270 1937 consiliis
2313 1886 2545 1954 tempus

339 1967 590 2041 trahunt,
622 1970 751 2049 ipse
806 1968 1110 2033 ⁶⁹dimisso
1137 1974 1213 2035 ad
1243 1975 1596 2035 Gebeunam
1626 1973 1705 2035 ad
1725 1974 2074 2034 munitiones
2104 1992 2253 2052 quas
2281 1971 2541 2042 fecerat:

340 2075 562 2142 quanta
588 2074 828 2145 poterat
847 2069 1144 2130 celeritate
1185 2071 1245 2130 in
1285 2071 1507 2131 ltaliam
1540 2070 1726 2132 redit:
1769 2072 2102 2151 raptimque
2129 2068 2213 2129 ibi
2239 2068 2544 2148 conscrip-

338 2162 410 2222 tis
437 2164 569 2242 [23]
599 2163 836 2226 duabus
864 2167 1189 2246 legionibus
1234 2169 1539 2242 subnixus,
1569 2169 1911 2229 brevissima
1953 2189 2062 2248 per
2095 2168 2315 2229 medias
2357 2167 2539 2245 Alpes

335 2260 427 2318 via
469 2260 529 2320 in
577 2261 911 2324 ulteriorem
950 2264 1213 2324 Galliam
1257 2265 1383 2342 pari
1430 2264 1726 2326 celeritate
1770 2266 2097 2336 revertitur,
2128 2266 2390 2344 dumque
2431 2282 2540 2343 per

337 2357 611 2418 arbuta⁷0
640 2361 926 2421 montium
955 2360 1304 2423 conscendit
1330 2363 1409 2422 ab
1437 2361 1672 2441 Alpinis
1699 2362 1966 2441 gentibus
1998 2363 2107 2423 iter
2140 2383 2212 2422 ex
2256 2362 2374 2423 alto
2410 2380 2543 2440 pro-

338 2453 540 2517 hibere
578 2456 912 2518 volentibus
952 2458 1148 2539 multis
1195 2458 1343 2520 locis
1372 2458 1700 2538 excipitur:
1747 2460 2058 2541 multisque
2080 2459 2272 2542 parvis
2302 2457 2544 2539 quidem

337 2555 556 2631 proeliis
598 2555 821 2634 ubique
861 2555 1048 2616 victor
1092 2575 1381 2634 nusquam
1411 2556 1504 2616 vel
1542 2556 1752 2635 proelio
1790 2558 1883 2618 vel
1923 2557 2167 2618 victoria
2214 2555 2545 2617 retardatus

336 2650 485 2712 ‘mtra
530 2671 756 2731 paucos
805 2653 929 2713 dies
974 2654 1031 2713 iu
1061 2653 1406 2734 Allobroges
1435 2655 1776 2732 perveniens
1804 2674 1944 2715 mox
1973 2674 2107 2715 cum
2138 2662 2268 2714 toto
2307 2653 2548 2714 Rhoda-

340 2767 475 2810 num
518 2750 727 2811 transit
766 2751 1049 2812 exercitu.
1131 2751 1257 2811 Illic
1302 2761 1495 2812 castra
1544 2750 1855 2812 habentem
1902 2752 2290 2814 Ambarorum
2346 2748 2546 2811 Eduo-

332 2866 581 2928 rumque
606 2847 929 2928 legationes
971 2850 1197 2909 adeunt
1243 2848 1426 2910 fatum
1456 2849 1663 2928 patriae
1692 2849 2028 2909 miserantes
2058 2851 2233 2907 ⁷¹suae
2267 2846 2543 2920 fortunas,

337 2962 456 3022 quo
485 2943 606 3003 sint
632 2944 690 3002 iu
721 2953 878 3005 statu
902 2943 1186 3007 edocent:
1234 2946 1511 3006 transisse
1554 2965 1661 3024 per
1699 2945 2101 3025 Sequanorum
2140 2942 2287 3003 fines
2332 2943 2550 3004 Helve-

336 3038 549 3101 tiorum
575 3040 823 3113 rabiem,
852 3041 997 3102 etin
1028 3061 1165 3101 suos
1192 3041 1434 3103 effusam
1462 3041 1652 3113 fines:
1697 3040 1896 3101 omnia
1926 3049 2172 3113 vastare,
2201 3058 2376 3119 agros
2408 3038 2537 3117 jam

338 3136 561 3197 colonis
589 3156 832 3209 vacuos,
863 3157 1015 3217 aegre
1062 3138 1244 3218 opida
1287 3138 1549 3209 defendi,
1576 3138 1719 3198 nihil
1748 3137 1874 3218 spei
1900 3158 2025 3199 esse
2052 3137 2159 3198 nisi
2184 3137 2243 3197 in
2287 3140 2542 3198 Coesare.

336 3232 643 3312 Siquidem
685 3232 765 3292 de
804 3233 1028 3319 populo
1063 3234 1330 3295 Romano
1384 3235 1537 3295 bene
1575 3235 1920 3295 meruissent
1974 3243 2041 3295 ut
2092 3233 2323 3294 afflictis
2369 3252 2544 3323 opem

335 3328 485 3390 ferat
510 3329 707 3390 moesti
734 3340 921 3391 orant.
1001 3329 1164 3391 Idem
1191 3330 1650 3412 et.Allobroges
1678 3332 1781 3412 qui
1828 3332 2018 3393 vicina
2064 3333 2347 3401 locorum,
2385 3338 2546 3389 trans

336 3427 697 3487 Rhodanum
737 3432 939 3499 terras,
988 3428 1360 3490 ⁷²liumerant
1384 3438 1448 3491 et
1475 3440 1800 3509 queruntur
1838 3438 1900 3490 et
1946 3429 2225 3510 flagitant.
2309 3426 2545 3496 Quibus

338 3525 585 3586 vocibus
609 3536 806 3587 motus
845 3526 1047 3586 Cesar
1084 3525 1283 3606 nilque
1310 3527 1697 3589 differendum
1739 3536 1900 3590 ratus
1942 3528 2063 3588 cito
2091 3527 2318 3605 agmine
2346 3524 2546 3585 hostes

333 3620 823 3701 insequitur.1t
868 3641 973 3701 per
1020 3622 1326 3685 Eduomm
1380 3645 1451 3685 ac
1494 3626 1901 3704 Sequanorum
1942 3622 2088 3683 fines
2123 3620 2335 3681 fluvius
2378 3629 2545 3680 tanta

337 3718 575 3783 laticum
599 3719 843 3800 segnitie
882 3729 949 3781 ut
977 3739 1233 3800 quonam
1279 3732 1487 3799 pergat
1533 3721 1634 3781 vix
1663 3720 1927 3799 dignosci
1947 3725 2152 3797 queat:
2196 3716 2300 3776 sed
2330 3724 2540 3796 stagno

338 3822 390 3861 ⁷³
402 3806 579 3882 &mul
608 3820 873 3901 quiescit,
917 3819 1166 3900 antiquo
1209 3819 1442 3880 nomine
1468 3823 1637 3892 Arar,
1681 3839 1837 3881 novo
1873 3826 2071 3879 autem
2135 3815 2381 3876 ⁷⁴Sona:
2441 3815 2544 3876 hic

398 4006 464 4055 68
496 4003 678 4066 Forte,
725 4003 781 4052 iss
826 4001 1149 4053 ΛΞΜ-64
1202 4000 1364 4066 Lege,
1414 4001 1746 4065 utrisne—66
1782 4000 1959 4059 Forte,
1996 3998 2114 4049 hunt
2148 3996 2542 4048 maium-ibus.—

336 4086 402 4135 66
434 4084 599 4150 Lege,
612 4085 1017 4134 numm—67
1051 4084 1232 4146 Forte,
1250 4083 1433 4149 Cupide
1452 4098 1565 4145 ergo
1582 4086 1778 4134 se.—68
1811 4083 1989 4145 Forte,
2032 4079 2327 4145 premonuit,
2355 4078 2465 4129 hinc
2484 4091 2546 4130 ns

337 4168 688 4216 noceam—6⁹
718 4164 899 4230 Forte,
938 4164 993 4216 Τ.
1012 4163 1226 4215 uum
1246 4165 1403 4215 usim.
1425 4164 1545 4214 vide
1569 4164 1704 4215 Caes.
1741 4162 1877 4213 Bell.
1899 4161 2036 4213 Gall.
2061 4175 2099 4212 1.
2125 4163 2335 4211 10.-70
2368 4158 2545 4219 Forte,

335 4259 421 4308 per
434 4248 735 4303 σθαι-71
753 4246 1256 4313 Lege,uaequ.-—⁷s
1276 4246 1452 4313 Forte,
1465 4244 1834 4296 habitant—⁷8
1857 4244 2036 4309 Forte,
2050 4239 2364 4295 anina-⁷4
2385 4237 2549 4304 Lege,
