3117 5025
638 390 814 463 1728
1286 410 1349 464 s.
1394 411 1606 464 orum
1653 413 2193 472 constan-mnu
2225 419 2231 428 ·

637 563 799 625 Dum
828 562 957 624 boec
983 560 1263 624 adversus
1284 565 1586 627 Romanos
1609 567 1670 628 in
1701 568 1915 629 Galliis
1945 577 2154 630 contra
2177 566 2363 630 fidem
2391 559 2719 650 contraque
2736 568 2840 649 jus

638 660 922 723 Gentium
950 672 1274 741 agerentur,
1305 665 1506 725 (ἔπειτ
1532 664 1672 726 nihil
1715 665 1855 727 inde
1884 667 2185 739 sollicitus,
2213 665 2374 747 quod
2404 676 2620 746 pacata
2647 668 2843 728 omnia

626 758 943 820 extimaret
972 759 1028 818 in
1064 759 1353 839 Illyricum
1373 761 1501 838 jam
1520 762 1834 840 'profectus
1865 765 2022 823 erat:
2069 768 2155 823 ⁵et
2182 762 2270 823 bis
2298 762 2401 842 qui
2427 753 2609 823 terras
2639 762 2842 843 incog-

628 855 789 916 nitas
812 874 885 915 ac
913 866 1168 916 remotas
1195 855 1435 917 videndi
1462 858 1692 918 infinita
1722 858 1998 937 cupidine
2040 859 2383 920 traheretur.
2466 861 2608 920 Erat
2647 870 2844 920 autem

638 951 935 1032 Illyricum
964 952 1286 1032 provinciae
1312 975 1438 1016 suae
1465 975 1625 1035 pars,
1645 957 1775 1035 lege
1804 957 1914 1017 sibi
1940 942 2642 1036 ⁶Natuna⁰'superaddita:
2675 956 2846 1036 cujus

636 1050 895 1112 latissimi
934 1050 1079 1112 fines
1106 1061 1270 1112 suut:
1315 1053 1452 1113 hinc
1479 1053 1645 1113 ltalia
1675 1054 2057 1134 superiorque
2087 1056 2440 1126 Germania3
2483 1055 2616 1115 iude
2643 1057 2846 1116 Mace·

638 1146 816 1210 donia
839 1160 899 1210 et
926 1149 1221 1210 ⁷Trachea
1248 1158 1309 1210 et
1338 1150 1586 1228 Epirus:
1618 1150 1755 1210 hinc
1782 1151 1944 1211 sinus
1972 1151 2330 1212 Adriaticus.
2387 1151 2537 1212 Inde
2557 1152 2844 1212 maximus

638 1245 822 1307 nostri
848 1245 1007 1306 orbis
1034 1247 1291 1306 amnium
1322 1247 1672 1312 Danubius„
1736 1248 1888 1309 Sane
1926 1248 2038 1309 hac
2066 1248 2384 1308 rebellione
2412 1249 2609 1319 Crassi
2635 1249 2845 1309 litteris

638 1343 906 1403 nuntiata
932 1343 1299 1420 remandavit
1345 1345 1562 1416 Caesar,
1595 1352 1663 1403 ut
1688 1345 1746 1404 in
1773 1344 1970 1424 Ligeri
1999 1345 2291 1424 praeclaro
2316 1361 2486 1404 amne
2513 1345 2843 1406 Galliarum

641 1441 746 1520 qul
772 1459 982 1499 nomen
1023 1449 1086 1499 et
1123 1458 1310 1519 aquas
1340 1439 1397 1500 in
1414 1441 1740 1501 *Oceanum
1788 1440 1922 1513 fert,
1965 1443 2210 1502 classem
2259 1442 2491 1502 navium
2539 1442 2846 1521 longarum

640 1547 926 1616 quantum
955 1547 1154 1617 potest
1180 1546 1430 1614 extruat,
1452 1538 1874 1616 gubernatores
1899 1558 1970 1599 ac
1999 1539 2243 1620 remiges
2272 1560 2346 1599 ex
2374 1529 2679 1618 provincia
2707 1559 2849 1601 con-

642 1634 862 1713 quirat;
897 1645 958 1695 ut
987 1636 1115 1714 ipse
1142 1655 1279 1694 cum
1309 1636 1499 1695 veniat
1526 1636 1825 1715 hiscopiis
1852 1636 1929 1696 ad
1959 1637 2155 1697 hostes
2178 1639 2486 1697 Oceanum
2509 1637 2845 1698 accolentes

640 1731 901 1792 secundo
927 1733 1091 1793 alveo
1120 1734 1462 1795 descendat.
1548 1735 1626 1795 Et
1653 1733 1807 1794 idem
1838 1735 1959 1814 ipse
1988 1734 2167 1806 illico,
2199 1743 2265 1793 ut
2286 1727 2440 1796 'coeli
2482 1734 2846 1814 Alpiumque

640 1829 903 1902 conditio
932 1831 1262 1892 hominibus
1290 1832 1412 1892 ullo
1460 1832 1642 1892 modo
1672 1832 2028 1912 permeabile
2068 1832 2179 1892 iter
2224 1831 2396 1903 fecit3
2442 1831 2682 1892 dimisso
2712 1833 2850 1912 Iny-

637 1926 763 1988 rico
809 1927 1277 1989 festinantissime
1324 1929 1604 1989 remeavit
1650 1930 1713 1988 in
1759 1928 2009 1988 Gallias.
2094 1928 2249 1988 Cum
2289 1928 2441 1998 enim
2477 1926 2637 1987 baud
2666 1927 2848 1988 dubio

552 2059 561 2066 -
640 2037 888 2085 cunctos
913 2027 1163 2086 honores
1192 2027 1451 2094 omnium
1500 2026 1713 2086 bellica
1741 2025 1953 2085 virtute
1981 2026 2291 2105 superavit,
2333 2034 2395 2086 et
2437 2025 2586 2085 alios
2613 2037 2674 2086 et
2701 2026 2850 2105 seip-

642 2140 772 2182 sum
801 2141 906 2182 sua
951 2123 1050 2182 illa
1096 2122 1420 2183 incredibili
1449 2124 1750 2183 celeritate
1796 2123 2174 2195 transcendit,
2203 2143 2338 2202 quoe
2378 2143 2537 2202 saepe
2565 2123 2761 2183 multis
2788 2123 2845 2183 in

641 2219 790 2279 locis
839 2221 1073 2298 cognita
1120 2220 1338 2292 effecit,
1370 2230 1437 2280 ut
1479 2215 1850 2300 quantolibet
1897 2222 2200 2281 absentem
2250 2221 2475 2299 spatio;
2519 2241 2752 2300 semper
2790 2231 2850 2281 et

639 2327 986 2397 praesentem
1028 2328 1087 2379 et
1134 2318 1545 2379 imminentem·
1582 2317 1912 2378 cervicibus
1940 2318 2286 2397 cogitarent.
2369 2319 2561 2378 Nemo
2590 2337 2846 2398 unquam

641 2414 973 2493 expeditior
1000 2415 1340 2494 agiliorque,
1368 2415 1710 2475 non-dicam
1741 2416 2074 2494 imperator,
2099 2416 2204 2476 sed
2229 2416 2412 2475 viator
2438 2416 2569 2477 fuit.
2614 2418 2847 2478 Caesare

640 2511 816 2592 igitur
844 2532 1093 2583 reverso,
1123 2514 1376 2583 venetii,
1426 2514 1708 2592 Gallique
1738 2513 1853 2585 alii,
1902 2514 2129 2574 factum
2159 2532 2325 2575 suum
2356 2524 2712 2593 reputantes,
2746 2515 2846 2593 qui

640 2610 867 2688 legatos
894 2610 1083 2688 gentis
1110 2612 1527 2688 potentissimae
1559 2612 1863 2672 barbarica
1889 2612 2252 2672 immanitate
2272 2611 2600 2684 violassent,
2627 2632 2744 2672 non
2768 2610 2876 2671 ad.

632 2707 875 2767 veniam
905 2707 1216 2785 petendam
1249 2709 1347 2768 sed
1380 2708 1458 2767 ad
1509 2709 1626 2767 vim
1677 2708 2037 2768 inferendam
2081 2727 2206 2768 sese
2233 2717 2540 2787 apparant,
2575 2708 2850 2768 vicissim-

643 2824 760 2883 que
787 2824 852 2864 se
894 2804 1104 2884 populi
1139 2804 1196 2863 iu
1228 2804 1444 2864 bellum
1471 2805 1619 2866 alter
1644 2807 1889 2866 alterum
1921 2807 2320 2866 ⁸coartantur:
2366 2824 2555 2883 neque
2585 2805 2769 2865 solum
2815 2823 2849 2863 a

634 2901 923 2980 proximis
951 2901 1305 2961 contrahunt
1329 2902 1574 2975 auxilia;
1607 2903 1741 2982 [57]
1769 2902 1871 2961 sed
1903 2902 2079 2962 etiam
2101 2923 2133 2961 a
2154 2902 2466 2973 Britannis,
2496 2901 2598 2980 qui
2621 2901 2848 2961 Oceani

644 3006 803 3071 aestu
824 2996 1083 3059 9seuiotn‘
1110 3018 1226 3057 non
1257 3018 1470 3078 magno
1497 2999 1805 3060 intervallo
1833 3010 2034 3059 contra
2080 3000 2237 3060 illam
2285 3000 2512 3078 plagam
2560 2998 2850 3058 habitant.

643 3095 725 3154 Et
750 3094 884 3153 haec
907 3095 1131 3155 faciunt
1158 3115 1271 3154 non
1301 3105 1431 3155 tam
1450 3096 1646 3169 armis,
1674 3116 1850 3175 quam
1874 3097 2018 3156 locis
2039 3094 2289 3157 fidentes
2321 3095 2647 3175 ¹0inperviis
2672 3105 2852 3174 atque

630 3189 1024 3269 palustribus,
1059 3192 1161 3251 ubi
1188 3211 1301 3251 nec
1328 3192 1640 3271 expeditus
1691 3192 1910 3272 pedum
1942 3213 2081 3253 usus
2126 3203 2302 3265 esset,
2327 3212 2439 3251 nec
2487 3192 2720 3253 navium
2752 3199 2855 3251 aut

641 3306 963 3365 equorum:
1007 3296 1067 3347 et
1115 3299 1179 3349 ut
1229 3287 1484 3367 navigari
1512 3298 1755 3368 posset,
1809 3289 2120 3349 sentientes
2166 3310 2228 3349 se
2258 3289 2503 3349 navibus
2529 3287 2851 3362 abundare,

644 3383 865 3461 quibus
894 3394 1099 3463 egeant
1126 3384 1393 3456 Romani,
1424 3384 1610 3444 dabat
1635 3385 1869 3462 insuper
1895 3387 2119 3444 animos
2147 3394 2325 3445 aestus
2355 3386 2449 3445 ille
2475 3380 2849 3465 reciprocus3

636 3481 753 3561 -qui
782 3478 1073 3542 uulterius
1099 3481 1261 3541 littus
1291 3480 1547 3545 motibus
1577 3483 1788 3561 quatit,
1823 3481 2088 3560 tegitque
2118 3482 2408 3553 etmudat,
2442 3483 2668 3543 Oceani
2694 3484 2858 3544 inco·

646 3578 719 3638 lis
747 3588 942 3650 notus,
973 3580 1300 3656 exterisque
1331 3578 1615 3639 terribilis.
1696 3578 1950 3638 Navium
1979 3589 2259 3657 proetema
2289 3600 2518 3640 suarum
2550 3580 2729 3641 robur
2746 3604 2763 3653 3
2795 3590 2858 3640 et

648 3688 1011 3751 amiameuta
1054 3697 1165 3757 pro
1214 3679 1496 3759 qualitate
1541 3675 1830 3736 fluctuum
1881 3687 1942 3738 et
1968 3688 2270 3738 ventorum
2323 3678 2536 3758 quibus
2563 3677 2856 3757 agitandae

647 3787 816 3836 erant
842 3796 914 3836 ac
932 3775 1265 3854 pulsandae,
1300 3780 1717 3854 ”propterque
1744 3775 1918 3858 maris
1948 3776 2321 3855 hostiumque
2348 3775 2641 3837 violentia}
2670 3773 2860 3855 perfe-

634 4014 645 4027 .
713 3974 746 4021 6
780 3971 960 4033 Forte,
995 3976 1051 4021 nt
1082 3972 1241 4023 is.—-6
1274 3972 1437 4036 Lege,
1485 3970 1994 4036 Vestinum—ruge,
2023 3971 2261 4029 wacta,-
2292 3978 2400 4033 aut,
2440 3977 2502 4020 ut
2539 3968 2857 4035 posteriores

648 4049 986 4117 scripserunt,
1013 4054 1233 4116 'lb-achia,
1254 4054 1328 4103 sic
1359 4052 1597 4104 Trachiam
1633 4068 1728 4117 pro
1756 4055 1987 4104 stratum
2016 4055 2068 4103 in
2104 4051 2523 4117 inscriptionibus
2547 4050 2862 4115 antiquis.—

649 4132 683 4182 8
717 4133 876 4198 Lege,
910 4134 1331 4185 cosanum.—9
1365 4136 1524 4199 Lege,
1557 4137 1877 4186 met—lo
1911 4132 2146 4200 Inpeniis
2176 4130 2533 4196 sie'rescripsi,
2555 4144 2674 4181 cuni
2695 4132 2748 4181 in
2771 4145 2863 4182 co-

649 4211 766 4263 dice
789 4223 929 4266 esset
956 4217 979 4267 ἰ
1007 4216 1294 4282 philus-11
1330 4217 1505 4283 Forte,
1538 4217 1895 4271 alternae-12
1931 4217 2111 4280 Forte,
2125 4219 2378 4282 proptu-n
2397 4214 2547 4265 mds
2565 4217 2860 4277 amque
