3117 5025
890 453 990 503 »Β
1036 453 1221 503 vrrs
1266 453 1474 505 mm:
1539 452 1903 504 cAEssnts.
2333 435 2509 518 ,1⁰93

264 603 406 685 112]
444 605 843 679 poterantque
873 596 1313 660 sceleratissimi
1344 598 1505 659 cives
1532 596 1749 678 l'mguae
1789 597 1964 659 unius
2013 596 2231 660 auxilio
2270 615 2510 679 posnam

267 695 619 776 justissime
645 695 852 756 mortis
880 694 1146 768 evadere,
1189 694 1303 755 nisi
1352 696 1606 756 Marcus
1652 697 1807 756 Cato
1853 696 1942 756 vir
1979 696 2354 776 gravissimus
2380 714 2511 757 orn·

276 795 439 856 tione
480 793 779 854 contraria
824 791 1146 872 pessimam
1193 792 1255 851 in
1305 800 1539 871 partem
1588 791 1895 853 inclinatos
1937 792 2163 854 animos
2214 793 2511 856 erexisset.

278 892 463 953 Extat
489 900 745 967 utraque
772 888 960 949 oratio
988 887 1153 968 apud
1189 887 1463 967 Crispum
1494 888 1830 950 Sallustium
1860 890 2137 970 temporis
2155 890 2310 951 illius
2339 889 2518 952 histo·

280 987 491 1049 ricnm.
573 988 789 1067 Neque
816 995 1013 1048 tamen
1041 986 1255 1067 coeptis
1294 984 1603 1060 abstinuit,
1652 986 1848 1049 donec
1896 987 2149 1048 Romani
2175 988 2404 1068 equites
2432 987 2513 1050 ad

283 1084 628 1164 praesidium
656 1093 892 1145 senatus
935 1084 1147 1145 armati
1193 1095 1446 1144 mortem
1490 1083 1605 1144 sibi
1660 1083 1879 1146 strictis
1922 1086 2304 1145 mucronibus
2330 1086 2517 1146 mina:-

281 1191 506 1244 rentur.
590 1183 684 1242 Ita
733 1189 798 1242 ut
844 1180 1097 1260 proximi
1142 1190 1305 1242 metu
1353 1201 1544 1262 poenoe
1591 1201 1795 1243 omnes
1825 1182 2173 1263 effugerent,
2219 1182 2514 1264 paucique

283 1299 418 1340 enm
445 1280 764 1359 complexu
796 1289 1069 1358 togaeque
1100 1279 1228 1339 sinu
1255 1281 1612 1341 obvolutum
1658 1280 1929 1360 periculo
1962 1280 2170 1340 mortis
2200 1279 2515 1359 eriperent.

287 1376 429 1447 Quo
457 1385 758 1457 permotus
788 1396 905 1436 non
946 1375 1129 1436 modo
1178 1384 1437 1457 creptum
1481 1375 1747 1448 obmisit,
1790 1376 1894 1438 sed
1942 1376 2018 1437 ad
2068 1384 2299 1457 tempus
2324 1376 2515 1457 ipsam

284 1475 509 1535 entiam
554 1474 893 1538 intermisit:
935 1494 1047 1535 nec
1076 1473 1180 1535 diu
1213 1484 1410 1538 tamen
1440 1473 1626 1535 valuit
1659 1474 1961 1554 quiescere
1988 1474 2305 1555 quominus
2334 1475 2520 1536 trib'u'-

289 1571 461 1632 niciis
490 1572 764 1652 procellis
792 1592 856 1632 se
885 1572 1194 1651 ingereret.
1281 1573 1493 1653 ltaque
1533 1572 1771 1633 Caecilio
1817 1572 2066 1633 Metello
2107 1580 2248 1633 tnnc
2275 1571 2516 1635 tribune

288 1669 480 1748 plebis
509 1669 680 1730 novis
706 1669 936 1749 legibus
964 1678 1024 1730 et
1061 1670 1375 1750 collegium
1425 1671 1796 1731 tribunorum
1838 1680 1898 1731 et
1927 1670 2355 1750 rempublicam
2383 1690 2518 1751 per·

287 1767 574 1840 turbanti,
600 1787 718 1827 non
746 1766 1044 1828 fautorem
1072 1768 1253 1828 modo
1296 1786 1360 1827 se
1403 1767 1685 1846 proebuit,
1728 1766 1830 1829 sed
1859 1777 2185 1829 auctorem:
2230 1788 2516 1830 novarum

287 1863 513 1943 ubique
540 1881 735 1924 rerum
760 1881 1065 1942 aucupans
1093 1864 1420 1936 materiam,
1460 1862 1658 1924 donec
1698 1864 1778 1925 ab
1821 1864 2321 1926 administratione
2364 1867 2522 1947 pub·

286 1960 405 2022 lica
442 1961 623 2039 jussu
668 1969 906 2021 senatus
948 1970 1198 2041 uterque
1226 1961 1656 2042 prohiberetur.
1742 1945 1958 2040 Neque
1987 1961 2079 2021 vel
2105 1961 2194 2022 sic
2222 1963 2523 2042 magistra·-

288 2069 419 2120 tum
444 2080 645 2140 gerere
671 2070 735 2121 et
770 2060 875 2139 jus
906 2059 1154 2121 reddere
1182 2061 1430 2131 destitit,
1461 2059 1656 2121 donec
1686 2059 1744 2120 in
1775 2059 1952 2121 armis
1987 2080 2137 2132 esse,
2168 2059 2273 2140 qui
2297 2081 2429 2122 eum
2460 2061 2523 2123 vi

292 2167 574 2237 cogerent
618 2176 821 2236 parere
868 2156 1115 2231 senatui,
1160 2155 1635 2236 deprehenderit.
1717 2156 2034 2218 Enimvero
2082 2167 2226 2219 tunc
2269 2159 2523 2221 dimissis

289 2253 597 2316 lictoribus
621 2254 777 2315 clam
804 2253 1099 2326 discessit,
1154 2255 1480 2334 statuitque
1526 2254 1812 2334 tantisper
1848 2273 1957 2334 pro
2001 2263 2286 2334 tempore,
2316 2275 2389 2316 ac
2431 2275 2521 2320 re·

290 2372 420 2412 rum
451 2351 743 2432 qualitate
770 2352 1095 2432 quiescere.
1176 2353 1453 2432 Cumque
1481 2351 1751 2412 certatim
1798 2350 1971 2412 multi
2001 2350 2095 2412 .ad
2145 2371 2280 2412 eum
2307 2351 2518 2415 diebus

288 2449 575 2532 proximis
598 2449 999 2526 convenirent,
1027 2449 1104 2510 ad
1149 2450 1441 2511 lacessitae
1489 2449 1831 2531 praesidium
1879 2447 2179 2532 dignitatis
2229 2469 2404 2545 opem
2435 2449 2520 2515 illi

289 2559 473 2628 atque
519 2567 763 2627 operam
810 2548 1161 2620 offerentes;
1194 2567 1311 2608 „seu
1357 2546 1653 2608 modestia
1702 2566 1808 2607 seu
1851 2546 2180 2607 diffidentia
2206 2547 2519 2622 recusavit,

293 2654 475 2725 atque
522 2644 883 2706 effraeuatius
913 2645 1193 2706 instantes
1237 2644 1432 2705 sobria
1479 2644 1740 2705 oratione
1770 2643 2062 2706 coercuit:
2109 2662 2244 2723 quae
2273 2664 2366 2705 res
2395 2644 2521 2706 ¹⁴ea

294 2741 515 2821 gratior
545 2743 856 2815 ‚omnibus,
905 2762 1027 2822 quo
1069 2744 1148 2803 ab
1192 2742 1354 2802 omni
1394 2741 1669 2822 opinione
1709 2741 1990 2801 remotior
2035 2740 2184 2801 fuit:
2228 2740 2385 2802 unde
2432 2750 2521 2802 est

295 2837 603 2911 effectum,
634 2847 701 2899 ut
729 2846 962 2899 senatus
986 2838 1040 2899 ei
1069 2857 1176 2918 per
1194 2837 1445 2898 illustres
1471 2838 1630 2899 viros
1658 2845 1851 2917 grates
1870 2847 2100 2916 ageret:
2131 2846 2190 2896 et
2211 2836 2270 2895 in
2298 2837 2521 2898 curiam

297 2946 570 3008 evocato,
600 2954 674 2996 ac
704 2935 902 2996 verbis
947 2933 1559 2996 honorificentissimis
1608 2935 1943 2995 collaudato
1975 2944 2332 3014 praereptnm
2359 2935 2524 3007 resti-

296 3040 495 3096 tueret
522 3034 950 3113 magistratum.
1034 3037 1177 3098 Non
1225 3034 1413 3094 multo
1461 3043 1598 3114 post
1624 3032 1879 3113 graviori
1921 3052 2079 3093 nunc
2109 3031 2288 3092 etiam
2336 3031 2525 3112 suspi-

300 3130 470 3214 cione
520 3131 842 3193 laboravit:
884 3139 1201 3192 accusatus
1258 3130 1419 3209 apud
1468 3130 1732 3191 Nonium
1786 3129 2036 3210 Nigrum
2091 3140 2442 3210 quaestorem
2485 3149 2525 3192 a

300 3228 491 3288 Lucio
508 3228 720 3289 Vectio
750 3229 911 3307 quod
941 3227 1149 3289 fuisset
1175 3228 1327 3288 inter
1353 3229 1672 3308 complices
1691 3228 1979 3299 Catilinae,
2004 3246 2121 3307 qua
2149 3227 2305 3287 nulla
2333 3227 2525 3305 major

298 3342 427 3386 esse
454 3335 657 3406 posset
702 3325 964 3385 infamia.
1044 3326 1119 3386 In
1152 3335 1361 3387 senatu
1389 3335 1585 3387 autem
1615 3346 1653 3387 a
1680 3325 1908 3397 Quinto
1937 3324 2119 3385 Curio
2147 3324 2394 3394 delatus,
2423 3323 2524 3385 cni

300 3441 370 3482 eo
398 3423 531 3502 plus
558 3443 685 3483 esse
726 3422 872 3483 fidei
900 3421 1230 3499 videbatur,
1279 3442 1400 3502 quo
1430 3423 1901 3503 conjurationem
1941 3423 2102 3483 illam
2141 3421 2269 3501 ipse
2297 3421 2523 3501 primus

300 3520 633 3592 revelasset,
677 3520 810 3600 [13]
840 3528 1021 3599 atque
1048 3521 1127 3581 ob
1156 3521 1219 3581 id
1248 3520 1487 3584 decerni
1515 3522 1630 3583 sihi
1656 3522 1734 3581 de
1763 3521 2009 3601 publico
2045 3518 2290 3599 praemia
2335 3538 2524 3578 meru·

304 3615 556 3688 isset,.et
599 3617 702 3677 hic
749 3616 989 3698 quidem
1035 3638 1108 3678 ex
1153 3618 1406 3678 Catilina
1452 3618 1753 3691 didicisse,
1798 3620 1946 3679 alter
1971 3638 2032 3677 se
2061 3616 2523 3695 chirographum

306 3717 554 3778 Caesaris
597 3715 871 3777 Catilinae
911 3714 1117 3776 datum
1154 3724 1519 3776 ostensurum
1548 3716 1880 3777 asserebat:
1926 3712 2342 3774 contumeliam
2370 3712 2523 3774 hane

304 3822 547 3887 nutam,
582 3818 924 3893 ¹⁵tanquam
953 3832 1116 3872 acres
1145 3813 1341 3873 livoris
1368 3814 1608 3874 aculeos
1653 3814 1984 3874 nullatenus
2023 3809 2400 3890 perferendos
2429 3830 2525 3871 ra·-

306 3919 397 3971 tus
425 3913 652 3981 Caesar,
682 3910 1029 3969 Ciceronem
1077 3929 1199 3969 suae
1228 3906 1577 3970 innocentia:
1607 3919 1816 3971 testem
1846 3909 2016 3969 fecit:
2062 3928 2244 3987 seque
2270 3907 2353 3967 illi
2373 3918 2523 3969 tunc

304 4008 529 4068 consuli
576 4009 656 4068 de
706 4026 777 4067 ea
824 4006 951 4086 ipsa
997 4005 1431 4085 conjuratione,
1457 4026 1639 4085 quam
1684 4006 1997 4085 loquimur,
2029 4006 2252 4085 aliquid
2298 4007 2525 4067 denun-

303 4103 479 4165 tiasse
508 4104 886 4166 monstravit:
929 4112 1106 4183 atque
1134 4104 1216 4164 ita
1241 4103 1567 4165 confutatis
1594 4103 1957 4176 adversariis,
1989 4113 2052 4164 ut
2080 4104 2330 4164 decretis
2370 4121 2525 4180 pra:-

292 4200 431 4269 niis
457 4203 676 4267 Curius
709 4202 1037 4282 privaretur
1060 4200 1354 4272 obtinuit:
1401 4201 1645 4275 vectius
1672 4221 1814 4262 vero
1842 4210 1912 4263 ut
1948 4200 2290 4282 pignoribus
2329 4198 2523 4279 captis

962 4358 1026 4408 14
1058 4355 1218 4422 Lege,
1248 4359 1449 4408 em—-lfi
1486 4355 1651 4422 laage,
1669 4361 1874 4422 tanque-
