3117 5025
915 402 1014 462 ns
1057 403 1239 452 vrrs
1284 402 1490 454 snut
1544 402 1901 460 cassate.
2340 385 2511 464 1859

325 556 510 628 geret:
553 549 864 612 Considius
887 553 1062 615 literis
1085 558 1259 616 ”non
1285 556 1538 636 acceptis
1569 554 2003 635 interrogavit-:-
2033 557 2156 617 ‘2Et
2183 557 2382 630 unde,'
2404 559 2508 634 aie

314 656 345 687 ¹
371 648 466 706 bas
505 651 641 710 mibi
666 661 734 712 tu
762 653 1037 714 littetas'l’
1114 654 1447 734 Respondit
1475 655 1748 722 nuntius:
1802 666 1863 715 ct
1890 654 1999 715 fati
2034 654 2122 715 sni
2140 657 2393 730 nescius,
2425 664 2444 692 ‘
2472 678 2512 718 a

326 742 543 808 cve-sare
561 752 578 775 '
604 749 793 828 inquit
817 773 833 815 z
891 751 991 811 bie
1015 752 1717 834 Considiuscxclamavit,
1751 760 1768 785 ‘
1787 762 1967 830 atque
1997 771 2147 812 unns
2174 757 2292 813 est’
2319 754 2516 834 inquit

324 846 343 871 ‘
366 840 476 904 hoc
517 855 779 925 tempore
807 849 1120 926 imperator
1146 848 1374 928 Populi
1403 848 1651 908 Romani
1679 847 1917 926 Scipiot
1975 845 2146 928 [226]
2186 850 2338 929 quid·
2366 851 2509 912 mibi

322 959 445 1000 eum
474 944 705 1004 Caesare
724 947 769 1006 'l'
796 955 855 1014 et
886 946 1013 1015 baec
1041 945 1246 1006 diceus
1276 947 1584 1025 captivum
1612 945 1939 1005 subuculis
1952 946 2211 1025 jugulari
2240 949 2506 1027 imperat,

320 1035 641 1119 litterasque
662 1041 819 1120 ipsas
838 1042 1007 1121 signo
1026 1043 1252 1122 integro
1271 1044 1522 1103 intactas
1544 1042 1621 1102 ad
1645 1041 1976 1120 Scipionem
2000 1042 2198 1103 mittit.
2244 1044 2510 1124 Respon-

286 1189 291 1196 .
319 1151 382 1195 ω
405 1133 553 1208 diem
575 1149 929 1218 noctemque
949 1159 1023 1200 ne
1049 1139 1365 1218 quicquam
1395 1146 1729 1217 expectato,
1763 1138 1959 1198 Caesar
1985 1139 2146 1217 quod
2178 1148 2234 1199 et
2259 1140 2517 1220 opidum

314 1239 508 1292 natura
550 1246 734 1313 atque
781 1245 907 1296 arte
944 1236 1345 1315 praevalidum,
1394 1247 1455 1297 et
1500 1237 1611 1296 sibi
1655 1255 1726 1296 eo
1754 1235 1868 1296 loci
1908 1255 2026 1296 non
2071 1245 2162 1297 sat
2201 1238 2509 1317 copiarum

315 1338 480 1403 esset,
520 1341 717 1393 casua
771 1354 1004 1403 movere
1048 1335 1181 1414 Jam
1228 1345 1527 1415 coeperat:
1592 1335 1733 1395 dnm
1780 1355 1923 1394 ecce
1965 1343 2024 1395 et
2071 1354 2142 1394 ex
2191 1336 2376 1416 opido
2417 1357 2504 1398 re-

314 1427 543 1505 pentina
597 1430 833 1508 eruptio
886 1430 1048 1492 facta
1097 1438 1203 1504 est,
1256 1442 1318 1491 et
1371 1429 1527 1491 forte
1582 1432 1660 1494 ita
1722 1431 1943 1492 accidit
1998 1443 2061 1493 ut
2115 1434 2324 1494 eodem
2385 1433 2511 1514 ipso

316 1527 579 1605 teinposis
611 1537 912 1589 momento
937 1525 1227 1608 ⁹⁴⁵equitus
1269 1547 1307 1587 a
1350 1546 1487 1606 rege
1515 1530 1549 1589 J
1557 1527 1677 1588 uba
1706 1527 1911 1588 missus
1939 1527 2353 1590 interveniret:
2403 1533 2507 1592 ita·

318 1641 425 1701 qne
470 1626 768 1688 comitatis
815 1626 1063 1698 auxiliis,
1113 1634 1174 1688 et
1220 1625 1426 1685 relicta
1471 1634 1665 1685 castra
1708 1635 2022 1703 occupant,
2060 1636 2122 1685 ct
2166 1627 2507 1689 abeuntium

316 1719 537 1784 ultimos
583 1723 874 1784 invadunt
900 1741 917 1781 ε
970 1723 1124 1785 sistit
1176 1723 1368 1783 aciem
1417 1723 1639 1794 Caesar,
1685 1731 1744 1783 et
1798 1723 1974 1801 pauci
2030 1733 2235 1784 contra
2291 1725 2514 1787 multos

311 1820 531 1900 egregie
576 1820 962 1900 proeliantur:
1008 1840 1130 1900 quo
1155 1839 1470 1900 congressu
1504 1820 1731 1897 aliquot
1772 1819 2082 1879 Gallorum
2110 1821 2374 1898 equitum
2405 1821 2510 1902 qui

312 1916 596 1978 Caesarem
644 1917 1063 1997 sequebantur,
1117 1917 1357 1996 insignis
1411 1925 1473 1977 et
1527 1916 1756 1977 creditu
1812 1914 2070 1976 difficilis
2122 1918 2305 1977 virtus
2359 1918 2518 1982 suite

312 2012 588 2093 siquidem
612 2031 800 2082 xxx.
827 2016 918 2075 vel
951 2035 1026 2075 eo
1055 2013 1247 2076 minus
1274 2013 1397 2074 duo
1438 2013 1597 2074 milia
1624 2013 1971 2076 Maurorum
1999 2012 2266 2091 equitum
2292 2034 2510 2095 campo

310 2110 675 2190 pepulerunt,
703 2122 763 2172 et
790 2112 849 2172 in
875 2110 1119 2191 opidum
1147 2110 1583 2190 compulerunt.
1645 2109 1801 2179 Quid
1834 2109 1929 2169 bic
1956 2108 2120 2170 aliud
2150 2109 2366 2184 dicam,
2397 2114 2507 2174 nisi

313 2209 462 2286 quod
491 2211 541 2271 si
570 2209 661 2269 sie
694 2229 892 2270 omnes
920 2210 981 2268 in
1008 2207 1198 2288 patria
1237 2226 1341 2267 sua
1371 2216 1752 2286 pugnassent,
1783 2207 2113 2266 Romanum
2132 2206 2347 2285 jugum
2389 2228 2508 2270 non

309 2313 419 2364 tam
446 2304 621 2382 facile
666 2305 1013 2366 subiissent:
1060 2305 1164 2365 sed
1209 2312 1268 2363 et
1313 2303 1429 2363 boc
1456 2302 1816 2382 quibusdam
1837 2302 2091 2374 insitum,
2134 2315 2200 2364 ut
2227 2324 2349 2382 quo
2376 2305 2506 2366 lon-

308 2401 492 2478 giusa
516 2402 714 2484 patria
742 2401 1081 2476 discedunt,
1126 2422 1199 2462 eo
1226 2402 1467 2482 propius
1504 2399 1582 2460 ad
1614 2399 1886 2460 virtutem
1917 2399 2191 2476 bellicam
2221 2402 2506 2465 accedere

310 2497 631 2562 videantur.
715 2487 1068 2580 Quanquam
1114 2518 1252 2559 vero
1293 2506 1508 2559 eventu
1555 2496 1808 2559 mirabili
1848 2497 1901 2536 ⁹⁷
1919 2497 2014 2559 bic
2041 2497 2337 2572 vicissent,
2381 2509 2509 2563 erat

308 2606 490 2657 tamen
518 2598 585 2658 in
610 2597 872 2658 exercitu
900 2615 1087 2676 pavor
1110 2596 1311 2675 ingens
1336 2614 1408 2655 ac
1435 2593 1686 2665 tristitia,
1707 2593 1869 2673 qnod
1900 2613 2006 2654 nec
2034 2595 2227 2674 copiae
2258 2596 2507 2659 Caesaris

306 2710 495 2755 secum
539 2703 763 2765 esseut,
811 2703 872 2755 et
898 2713 962 2755 se
1005 2711 1222 2772 paucos
1249 2700 1311 2752 et
1337 2691 1652 2771 plerosque
1681 2691 1897 2751 tirones
1923 2690 1977 2727 ⁹⁸
1998 2691 2072 2751 de
2100 2693 2506 2754 versutissima

302 2793 483 2866 nentis
509 2790 757 2852 iusidias
783 2799 844 2851 ct
868 2788 1303 2851 multitudinem
1332 2787 1591 2849 bostium
1620 2786 1910 2851 infinitam
1940 2788 2106 2867 quasi
2134 2789 2408 2851 consulto
2427 2787 2508 2850 ad

304 2906 503 2965 necem
528 2885 679 2949 duci
705 2885 1158 2957 arbitrabantur,
1199 2884 1389 2946 omnis
1416 2894 1609 2947 tamen
1636 2893 1699 2945 et
1724 2884 1961 2963 pavoris
1988 2894 2048 2946 et
2075 2886 2334 2945 moeroris
2362 2905 2507 2947 con·

306 2984 529 3058 solatio,
579 2983 809 3047 nonnisi
854 2984 915 3044 in
962 2983 1144 3063 ipsius
1169 2983 1337 3043 stultu
1386 3001 1458 3042 ac
1488 3002 1756 3043 sermone
1792 2992 1914 3043 erat
1959 2982 2364 3062 imperatoris:
2408 2984 2506 3044 cui

303 3090 492 3145 tantus
520 3084 709 3162 vigor,
756 3091 920 3145 tanta
949 3081 1135 3147 inerat
1156 3080 1453 3153 alacritas,
1503 3090 1667 3142 tanta
1695 3078 1995 3141 ”excelsa
2045 3079 2210 3160 signa
2235 3079 2415 3141 animi
2443 3089 2505 3142 et

302 3176 524 3254 invicti,
577 3188 641 3240 ut
668 3179 801 3257 ejus
826 3178 1013 3240 ductu
1057 3187 1237 3257 atque
1284 3177 1529 3238 consilio
1556 3186 1773 3238 cuncta
1799 3177 1884 3237 eis
1921 3176 2122 3239 facilia
2148 3178 2503 3240 viderentur.

304 3274 649 3341 Procedenti
680 3278 979 3338 nuntiatur
1008 3275 1387 3356 ¹⁰⁰simulque
1429 3274 1817 3354 conspicitur.
1902 3275 2062 3335 Dum
2088 3293 2226 3353 pars
2256 3284 2505 3354 utraque

304 3375 673 3450 substitisset,
703 3374 902 3435 subito
929 3374 1188 3435 bostium
1218 3372 1597 3435 multitudine
1626 3370 1993 3437 circumfusa
2033 3372 2205 3450 [227]
2230 3372 2309 3431 ab
2337 3370 2499 3432 omni

300 3483 460 3550 parte
509 3482 838 3553 pugnatum
881 3482 995 3533 est.
1105 3472 1338 3534 Interea
1380 3470 1670 3532 Labienus
1716 3469 2069 3549 implacabili
2117 3469 2339 3542 animo,
2390 3487 2506 3530 nco

302 3567 465 3631 sactis
494 3568 809 3631 hostilibus
839 3577 1168 3642 contentus,
1208 3569 1319 3630 nisi
1345 3568 1552 3631 odiosa
1579 3568 1816 3648 insuper
1842 3567 2020 3628 verba
2039 3567 2316 3646 jactaret,
2346 3585 2502 3644 equo

300 3663 556 3728 insidens
583 3666 865 3746 adaperto
908 3666 1104 3746 capite
1153 3677 1217 3728 ut
1242 3687 1277 3728 a
1305 3669 1535 3730 Caesare
1584 3666 1760 3728 etiam
1808 3673 2011 3744 posset
2049 3662 2305 3743 agnosci,
2353 3663 2506 3723 inter

300 3763 651 3833 hortandum
706 3784 867 3835 suos,
919 3763 1130 3826 milites
1176 3766 1334 3845 ipsos
1383 3765 1634 3827 Coesaris
1681 3761 2078 3842 compellaret,
2127 3779 2306 3819 unum
2353 3758 2503 3819 inter

303 3862 474 3925 alios:
525 3871 542 3897 ⁶
574 3860 738 3931 Quid
770 3865 873 3937 tu‚'
908 3860 1128 3939 ajebat,
1161 3871 1178 3897 ⁶
1198 3881 1236 3920 o
1264 3862 1429 3925 miles
1458 3866 1475 3894 ¹
1496 3871 1617 3922 tam
1646 3859 1973 3922 feroeulum
2000 3866 2059 3917 te
2083 3856 2386 3916 ostentas?
2426 3875 2503 3918 an

304 3966 362 4019 et
401 3960 499 4020 bic
528 3957 894 4020 sermonibus
924 3977 1029 4018 vos
1055 3957 1230 4019 etiam
1259 3956 1637 4019 ²festinavit?
1677 3965 1888 4019 vestrae
1914 3952 2204 4015 misereof
2216 3952 2499 4026 stultitioe,

361 4157 423 4204 ⁹5
467 4154 647 4218 Forte,
666 4156 923 4204 enne-96
961 4154 1122 4218 Lege,
1157 4154 1546 4219 equitatum—9¹!
1581 4150 1742 4216 Lege,
1762 4151 1959 4201 tet—ss
1992 4150 2169 4215 Forte,
2187 4154 2504 4207 contra-vo

306 4233 460 4299 Lege,
478 4234 839 4285 «ποιων-100
875 4234 1104 4291 ,Videtur
1125 4235 1329 4294 deesse,
1350 4233 1536 4299 insequi
1557 4232 1848 4282 hostem-l
1887 4231 2061 4297 Adde,
2083 4234 2297 4285 firm-2
2340 4232 2500 4287 Hmi-

302 4317 449 4381 ιπᾶ,
469 4317 602 4368 licet
626 4314 833 4367 Hirtius
853 4316 921 4369 de
939 4316 1080 4371 bello
1097 4316 1345 4369 Asticano
1366 4317 1528 4380 dicat,
1544 4313 1821 4376 infatuavit.
