3117 5025
632 410 809 479 1742
1275 427 1335 476 s.
1382 423 1596 475 csnst
1644 423 2182 476 conussnnnn

630 589 859 660 septem
888 578 1044 640 milia
1069 598 1346 658 passuum
1370 581 1577 658 procul
1607 578 1741 639 inde
1761 581 1943 659 plano
1971 581 2029 640 in
2060 580 2254 641 littore
2302 588 2429 643 tota
2468 601 2605 643 cum
2649 558 2834 643 classe

631 677 919 738 constitit.
1030 680 1112 737 At
1159 678 1438 749 Britanni,
1487 677 1790 738 intellecto
1844 678 2111 750 consilio,
2166 680 2481 758 premissis
2533 679 2840 758 equitibus

530 797 543 804 ·
631 783 810 853 atque
863 774 1106 847 essedis,
1149 771 1366 855 quibus
1416 776 1476 834 in
1528 775 1686 846 bello
1734 775 1820 835 nti
1868 786 2314 849 consueverant,
2350 776 2479 856 pari
2523 778 2840 838 velocitate

631 873 828 932 locum
851 884 1185 952 occupant:
1229 885 1674 952 consequuntur
1701 874 2026 952 equitatum
2057 876 2268 946 turbae,
2297 876 2381 936 ita
2406 895 2610 964 omnes
2645 875 2837 955 copiae

630 973 942 1052 egressuris
982 994 1043 1033 se
1088 974 1365 1034 Romanis
1408 973 1722 1052 objiciunt.
1805 975 1943 1033 Erat
1986 973 2160 1052 plane
2193 972 2510 1034 descensus
2537 975 2593 1032 in
2623 981 2838 1033 terram

631 1067 1011 1130 difficillimus
1056 1082 1299 1150 propter
1323 1090 1495 1153 aquae
1526 1071 1910 1144 altitudinem,
1936 1072 2057 1132 sine
2088 1092 2206 1150 qua
2234 1090 2458 1150 magnae
2493 1089 2671 1129 naves
2714 1090 2840 1130 esse

629 1167 868 1246 regique
909 1186 1025 1226 non
1053 1177 1344 1246 poterant.
1428 1168 1508 1228 Et
1548 1169 1596 1228 si
1640 1168 1745 1247 qui
1784 1189 1819 1228 e
1874 1169 2122 1229 navibus
2165 1169 2499 1240 exivissent,
2530 1169 2645 1227 ¹⁸et
2680 1168 2840 1227 sicco

632 1263 708 1324 de
735 1264 924 1338 litore,
950 1275 1054 1325 aut
1080 1285 1154 1324 ex
1185 1265 1345 1326 vadis
1370 1265 1775 1325 humilioribus
1805 1265 2253 1345 excipiebantur
2273 1266 2522 1325 bostium
2551 1283 2836 1326 occursu:

632 1372 694 1423 et
734 1362 836 1422 ubi
878 1371 1034 1422 stare
1072 1361 1308 1423 difficile
1334 1371 1479 1434 erat,
1529 1363 1899 1441 cogebantur
1941 1363 2145 1443 iniquo
2189 1366 2382 1424 Marte
2409 1372 2651 1435 certare,
2683 1364 2842 1424 unde

631 1479 749 1519 non
779 1459 1067 1519 immerito
1116 1460 1366 1520 Romani
1394 1460 1576 1520 territi
1605 1480 1678 1521 ac
1706 1461 1927 1521 turbati
1953 1471 2015 1521 et
2055 1462 2322 1521 locorum
2368 1460 2529 1520 inscii
2575 1469 2637 1520 et
2685 1462 2843 1537 ejus·

631 1558 793 1616 modi
820 1557 1008 1636 proelii
1047 1558 1329 1637 inexperti
1356 1558 1532 1618 solito
1575 1559 1810 1637 segnius
1855 1559 2221 1639 pugnabant.
2304 1558 2483 1627 Quod
2528 1567 2594 1618 ut
2639 1560 2842 1619 Caesar

633 1653 810 1725 vidit;
838 1654 1053 1734 'longas
1083 1675 1259 1715 naves
1284 1657 1361 1717 ab
1393 1657 1562 1717 ¹”alta
1618 1657 1801 1717 classe
1830 1660 2047 1717 secerni
2074 1668 2135 1718 et
2178 1657 2348 1717 rem'is
2376 1656 2453 1716 ad
2483 1655 2620 1716 litus
2649 1657 2846 1736 appli-

636 1769 770 1811 care
799 1751 1068 1831 imperat,
1113 1763 1297 1834 atque
1352 1755 1488 1814 inde
1527 1757 1787 1815 omniurn
1835 1775 2047 1834 genere
2074 1755 2371 1816 missilium
2395 1756 2631 1815 ‘bostem
2662 1753 2838 1833 petti3

633 1869 809 1928 quem
837 1850 967 1929 ipse
994 1852 1232 1911 navium
1263 1862 1536 1931 aspectus
1566 1863 1627 1914 et
1654 1854 2054 1931 magnitudine
2074 1862 2134 1913 et
2152 1871 2445 1913 remorum
2474 1851 2723 1930 strepitu
2752 1851 2842 1911 in·-

631 1958 858 2007 stretum
889 1948 1104 2008 talibus
1145 1951 1439 2010 exterruit.
1524 1950 1644 2010 Ubi
1681 1962 1877 2010 autem
1928 1950 2267 2028 sagittarum
2303 1949 2562 2009 ²”imbris
2586 1968 2657 2008 ac
2689 1948 2843 2008 toni·

631 2052 763 2103 trua
816 2053 1236 2105 tormentorum
1279 2047 1337 2105 in
1381 2048 1643 2107 hostilem
1682 2049 1872 2108 aciem
1919 2048 2215 2109 incidere:
2267 2066 2584 2127 parumper
2629 2044 2843 2106 rescae

630 2142 844 2222 pedem
897 2145 1095 2205 hostes
1144 2146 1523 2224 inceperunt:
1580 2167 1691 2207 nec
1747 2147 1890 2206 dum
1938 2157 2132 2208 tamen
2189 2147 2438 2207 Romani
2492 2165 2619 2206 sese
2668 2144 2840 2206 undis

633 2239 873 2300 credere
900 2241 1046 2314 ausi,
1068 2242 1207 2320 ipsis
1237 2263 1269 2301 e
1296 2242 1598 2322 puppibus
1625 2244 2063 2322 proeliabantur,
2092 2243 2285 2303 donec
2312 2237 2578 2322 aquilifer
2597 2242 2842 2302 decimae

632 2337 894 2417 legionis,
944 2360 1119 2418 quam
1174 2341 1414 2400 amabat
1452 2341 1673 2413 Caesar,
1718 2343 1838 2401 alta
1877 2343 2021 2402 deos
2064 2360 2230 2401 orans
2273 2360 2438 2412 voce,
2479 2349 2546 2400 ut
2600 2339 2847 2399 feliciter

626 2435 847 2515 legioni
892 2436 1240 2497 succederet
1282 2437 1442 2518 quod
1493 2442 1755 2516 parabat,
1786 2459 1985 2499 versus
2014 2439 2090 2499 ad
2120 2441 2359 2499 comites
2388 2458 2404 2497 ε
2428 2446 2445 2472 ‘
2475 2436 2728 2498 desilite'
2755 2438 2842 2496 in-

634 2533 762 2612 quit
793 2540 810 2566 ‘
836 2533 894 2592 in
918 2533 1153 2606 fluctus,
1182 2545 1244 2595 et
1270 2537 1579 2615 sequimini
1609 2557 1702 2597 me
1731 2538 2161 2598 commilitones
2192 2538 2326 2607 mei,
2359 2537 2701 2616 quicunque
2724 2554 2842 2598 non

634 2630 806 2690 vultis
851 2632 1004 2691 hanc
1049 2632 1311 2712 aquilam
1360 2633 1628 2694 hostibus
1677 2635 2038 2695 illudendam
2095 2634 2347 2695 tradere.
2432 2634 2494 2695 Si
2541 2636 2650 2695 viri
2701 2637 2841 2696 estis

631 2748 912 2808 prospera
938 2728 1155 2790 cu'ncta
1181 2731 1541 2808 provenient,
1571 2731 1619 2792 si
1657 2734 1870 2805 minus,
1920 2752 2032 2813 ego
2063 2733 2266 2793 saltem
2322 2732 2591 2794 debitum
2646 2754 2840 2794 meum

632 2825 971 2905 reipublicae
998 2830 1089 2887 ²¹a
1129 2828 1397 2889 Romano
1440 2828 1686 2910 imperio
1731 2833 1885 2891 bona
1911 2830 2308 2910 persolveroz’
2338 2830 2466 2889 baec
2505 2830 2841 2891 exclamans

632 2924 854 2983 medios
882 2920 939 2983 in
972 2924 1187 2986 fluctus
1210 2926 1349 2986 mira
1376 2928 1677 2990 alacritate
1705 2929 2176 3007 ²²dissiluit.[75]
2213 2926 2482 3004 ²³Atiigit
2506 2937 2571 2987 ut
2589 2929 2842 3006 primum

636 3028 847 3079 terram
875 3020 1126 3098 pedibus
1156 3022 1370 3102 attigit,
1400 3045 1596 3103 gressu
1623 3026 1836 3106 rapido
1863 3027 2012 3086 ferre
2041 3026 2301 3104 aquilam
2334 3025 2389 3082 in
2415 3026 2606 3085 hostes
2627 3028 2841 3106 coepit:

635 3114 866 3175 virtutis
911 3118 1184 3196 exemplo
1226 3130 1287 3179 et
1328 3120 1555 3181 nobiles
1591 3123 1813 3182 incitati
1844 3143 2065 3195 omnes,
2094 3142 2210 3182 non
2256 3122 2442 3181 solum
2474 3123 2576 3202 qui
2617 3124 2674 3183 in
2723 3125 2844 3197 illa,

635 3213 737 3271 sed
769 3213 871 3291 qui
918 3214 976 3273 in
1018 3215 1246 3275 cunctis
1285 3229 1450 3278 erant
1493 3218 1745 3279 navibus
1787 3219 1848 3278 in
1904 3219 2090 3279 undas
2141 3228 2321 3298 atque
2361 3219 2497 3279 inde
2536 3221 2593 3279 in
2645 3223 2844 3282 hostes

636 3320 840 3369 ruunt:
872 3328 1074 3388 pugna
1101 3320 1269 3386 atrox
1298 3313 1576 3387 exoritur,
1619 3315 1903 3395 duraque,
1933 3336 2176 3396 auceps,
2203 3328 2265 3378 et
2294 3319 2573 3380 Romanis
2600 3319 2845 3380 adversa

635 3418 880 3485 propter
922 3408 1187 3467 locorum
1237 3409 1622 3488 iniquitatem.
1705 3413 2025 3497 Postquam
2058 3434 2195 3474 vero
2237 3426 2446 3476 terram
2475 3437 2676 3476 omnes
2704 3416 2846 3478 “at-

636 3501 960 3581 tingerent:
1004 3503 1237 3564 collecti
1272 3506 1332 3564 in
1374 3526 1555 3566 unum
1599 3519 1659 3567 et
1702 3509 1927 3569 reducti
1973 3510 2049 3569 ad
2097 3512 2329 3573 solitum
2380 3533 2594 3592 pugnas
2641 3533 2842 3592 genus,

636 3599 754 3658 alio
796 3599 1023 3680 impetu
1078 3600 1293 3660 invecti
1337 3601 1614 3663 fuderunt
1663 3603 2064 3679 adversarios;
2112 3607 2316 3668 fuisset
2343 3609 2554 3670 clarior
2600 3611 2842 3675 victorin

637 3697 683 3756 si
722 3696 796 3755 ad
828 3696 1252 3775 insequendum
1289 3699 1568 3778 profugos
1595 3700 1894 3777 equitatus
1921 3702 1978 3762 in
2028 3714 2289 3782 tempore
2331 3705 2622 3776 affuissem
2673 3714 2842 3767 tanta

638 3791 751 3853 suit
794 3805 1014 3864 tamen,
1068 3804 1132 3853 ut
1183 3794 1439 3854 Britanni
1492 3796 1741 3857 bostium
1793 3819 2021 3879 suoque
2077 3822 2222 3862 casu
2259 3803 2460 3873 territi,
2511 3805 2736 3883 legatos
2763 3804 2844 3865 ad

640 3889 925 3949 Caesarem
958 3891 1251 3950 mitterent
1279 3901 1341 3951 et
1362 3891 1718 3955 deditionem
1751 3908 1810 3958 et
1839 3899 2079 3959 obsides
2103 3913 2162 3960 et
2193 3900 2485 3980 quidquid
2522 3901 2844 3965 victoribus

639 3984 779 4045 victi
831 3986 1055 4048 debent
1096 3987 1425 4062 offerentes,
1481 4010 1621 4051 cum
1675 3993 1744 4052 iis
1772 4004 1832 4053 et
1873 3995 2113 4056 Comins
2138 3997 2332 4068 rediit,
2374 4017 2549 4075 quem
2598 3997 2674 4058 ad
2719 4019 2844 4073 eos,

687 4217 753 4263 18
784 4213 943 4278 Lege,
962 4215 1150 4268 iaz—19
1183 4220 1341 4285 Lege,
1358 4222 1608 4273 alim—2⁰
1639 4226 1798 4290 Lege,
1810 4225 2119 4278 imbrex—21
2147 4228 2323 4292 Forte,
2342 4244 2399 4278 ac
2421 4229 2633 4279 Romano
2649 4229 2849 4296 imperio

642 4300 955 4346 mnam—22
986 4298 1148 4363 Lege,
1166 4301 1505 4355 ‹lailaik—28
1541 4305 1703 4371 Lege,
1723 4306 1966 4371 Atqu.—-
1995 4312 2061 4359 24
2092 4309 2251 4376 Lege,
2269 4309 2552 4374 attigerat.
