3117 5025
519 396 693 463 1704
1121 414 1180 463 s.
1228 411 1441 461 censi
1489 407 2024 462 connum-Anu
2115 407 2126 422 ·

512 562 641 640 ejus
667 579 857 640 opera
874 575 1064 642 nuper
1085 574 1395 644 acceptam
1423 583 1571 637 esse,
1596 565 1756 643 qnod
1787 565 1913 644 ipse
1934 564 2037 643 qui
2063 561 2734 642 praefuisset-Eductam*

513 661 819 739 equitatui,
848 662 1121 722 simulato
1163 671 1324 722 metu
1353 664 1576 742 primus
1624 663 1848 741 fugiens
1876 672 2122 721 caeteros
2150 660 2346 740 fugere
2396 661 2738 721 docuisset·

514 756 574 816 Is
616 767 742 819 crat
780 745 1105 820 Dumnorix
1147 759 1346 837 junior
1394 760 1575 820 frater
1619 759 1918 828 Divitiaci,
1950 760 2050 837 qui
2092 769 2250 818 tunc‘
2278 758 2440 836 apud
2498 757 2718 828 Eunus,

516 854 741 932 collega
777 855 973 926 Lisco,
1005 869 1246 916 summae
1273 875 1458 916 rerum
1489 867 1759 935 praeerat.
1845 856 1898 890 ⁸²
1914 856 2105 934 Cujus
2135 876 2207 914 ne
2253 875 2392 935 erga
2421 857 2722 915 Romanos

514 969 591 1008 ac
638 951 933 1011 Caesarem?
981 954 1402 1032 spectatissima
1457 951 1608 1012 fides
1663 964 1807 1012 erat.
1916 959 2006 1012 Ac
2073 954 2395 1014 Dumnorix
2463 951 2717 1011 multum

514 1066 577 1105 a.
606 1045 785 1108 fratre
838 1046 1099 1114 diversus
1152 1050 1389 1109 occuito
1438 1050 1838 1108 Romanorum
1886 1050 2024 1108 odio
2077 1059 2255 1129 atque
2314 1047 2718 1109 Helvetiorum

513 1144 712 1204 studio
732 1146 1045 1207 aestuabat.
1129 1147 1281 1207 Nam
1312 1156 1374 1207 et
1399 1147 1627 1206 issoi-uni
1659 1147 1734 1205 de
1764 1156 1934 1225 gente
1962 1148 2321 1207 nobilissimo
2348 1156 2537 1205 ortam
2583 1143 2723 1201 locu

513 1242 829 1321 conjugem
853 1245 1131 1314 babebat,
1155 1246 1363 1306 adhoec
1393 1261 1631 1321 magnas
1658 1245 1943 1304 amicitias
1968 1258 2028 1306 et
2053 1244 2430 1305 finitimarum
2458 1241 2721 1322 gentium

513 1337 793 1420 favorem,
825 1341 987 1399 domi
1030 1361 1268 1420 quoque
1315 1342 1392 1402 de
1438 1341 1822 1419 vectigalibus
1869 1341 2142 1421 publicis,
2176 1343 2236 1401 in
2279 1341 2492 1421 quibus
2529 1359 2589 1399 se
2637 1337 2723 1398 iffi

512 1434 794 1496 licitando
838 1456 1139 1515 opponere
1182 1440 1375 1498 nulius
1418 1438 1685 1511 auderet,
1720 1440 1795 1498 ad
1845 1439 2151 1499 immensas
2203 1439 2452 1499 divitias·
2473 1451 2722 1516 pronum

516 1531 660 1594 iter:
708 1535 794 1593 his
822 1554 1061 1614 quoque
1091 1536 1367 1596 omnibus
1409 1555 1578 1614 spem
1614 1555 1729 1595 non
1755 1536 1830 1596 ad
1860 1537 2043 1596 altum
2073 1537 2272 1608 modo,
2303 1534 2403 1596 sed
2451 1534 2524 1593 ad
2569 1547 2736 1591 sum-·

515 1648 672 1690 mum
702 1631 951 1709 gradum
996 1633 1277 1712 regnique
1318 1632 1612 1712 fastigium
1648 1631 1915 1692 ostendi:
1961 1652 2097 1711 quae
2122 1641 2339 1693 cuncta
2367 1630 2480 1691 sibi
2515 1628 2726 1690 frivola

513 1738 694 1806 atque
720 1730 838 1790 alio
878 1751 1149 1792 recasura
1176 1732 1447 1791 Romano
1474 1730 1587 1790 sub
1617 1730 1866 1809 imperio
1894 1730 2279 1808 providebat:
2326 1749 2504 1808 super
2528 1726 2726 1786 omnia

517 1826 916 1888 Romanorum
934 1830 1172 1906 judicio
1202 1850 1265 1888 se
1290 1829 1453 1890 fratri
1481 1829 1890 1907 posthabitum
1919 1828 2333 1906 indignabatur
2360 1825 2723 1887 ac-dolebat.

517 1924 609 1984 Et.
649 1926 1070 1987 Romanorum·
1102 1927 1470 2004 Caesarisque
1514 1926 1891 2004 praesentiam
1926 1924 2133 1985 oderat
2177 1933 2359 2002 atque
2403 1921 2726 2002 potentiam

518 2020 893 2083 vehementer
946 2025 1238 2084 horrebat.
1322 2024 1556 2093 Quibus
1599 2023 1778 2082 rebus
1825 2023 2026 2083 Caesar
2065 2022 2318 2101 coguitis
2350 2021 2519 2098 justa
2567 2038 2733 2080 com·

517 2126 717 2178 motus
757 2118 1061 2179 iracundia
1085 2121 1272 2199 primo
1307 2120 1545 2200 quidem
1587 2118 1661 2179 de
1689 2118 1870 2197 ipsius
1919 2119 2210 2199 supplicio
2245 2119 2546 2197 cogitavit.
2605 2118 2726 2176 ·Ad

520 2213 636 2273 boc
663 2214 819 2275 enim
846 2216 1074 2296 singula
1114 2218 1369 2278 animum
1412 2217 1797 2291 inclinabant,
1823 2227 1884 2277 et
1927 2217 2075 2277 nihil
2107 2218 2180 2276 ·in
2219 2217 2393 2276 rebus
2437 2223 2731 2275 erat-am-

517 2311 720 2391 bigui:
753 2332 936 2373 unum
982 2315 1256 2375 omnibns
1281 2316 1392 2380 ,his
1446 2317 1722 2376 obstabat
1761 2335 1926 2375 amor
1961 2314 2163 2379 ⁴fratris
2186 2336 2218 2374 z·
2248 2314 2384 2374 hinc
2409 2315 2744 2373 ”recenter

522 2407 775 2483 distulit,
806 2432 881 2471 ne
910 2412 1104 2473 minus
1145 2413 1304 2492 apud
1335 2433 1471 2473 eum
1497 2412 1794 2472 videretur
1818 2411 2071 2493 ⁵majoris
2097 2410 2291 2471 fratris
2337 2409 2507 2481 fides,
2554 2423 2731 2488 quam

520 2507 764 2569 minoris
790 2507 1037 2588 perfidia
1066 2511 1340 2571 valuisse.
1423 2509 1718 2570 Divitiaco
1760 2509 1936 2589 igitur
1962 2518 2212 2569 evocato
2243 2518 2427 2568 totam
2460 2506 2734 2567 fraternae

521 2605 802 2684 nequitiae
831 2608 1039 2685 pandit
1060 2608 1380 2679 historiam,
1398 2609 1547 2688 petit
1577 2618 1645 2669 ut
1670 2609 1761 2668 vel
1781 2608 1908 2686 ipse
1935 2607 1996 2665 in
2021 2626 2157 2668 eum
2177 2606 2622 2674 animadvertat,
2637 2603 2733 2663 vel

523 2702 574 2762 si
601 2701 791 2780 pietas
831 2706 1121 2784 justitiam
1148 2717 1491 2778 remoratur,
1520 2725 1627 2785 per
1653 2705 1940 2784 populum
1967 2702 2353 2764 animadverti
2380 2702 2539 2763 velit.
2623 2701 2736 2761 me

521 2798 815 2881 lacrymis
852 2821 1115 2876 manans,
1154 2823 1346 2882 neque
1386 2822 1675 2862 excusans
1712 2801 1905 2861 fratris
1950 2800 2259 2871 insaniam,
2289 2798 2393 2859 sed
2442 2816 2732 2859 accusans

522 2915 643 2958 non
669 2900 732 2958 in
775 2899 919 2961 alios
953 2910 1201 2973 tantum,
1231 2901 1334 2962 sed
1378 2902 1435 2961 in
1484 2921 1569 2961 se.
1654 2902 1848 2969 Quem
1892 2920 2031 2960 cum
2070 2907 2279 2959 natura
2317 2895 2733 2976 conjunctissi-

522 3014 684 3056 mum
723 2996 983 3070 fecisset,
1015 2996 1302 3059 beneficia
1344 3016 1476 3057 vere
1502 2997 1964 3074 conjunctiorem
2007 2995 2203 3055 facere
2239 2993 2605 3063 debuissent,
2627 2991 2731 3070 qui

525 3091 639 3152 sub
664 3113 723 3153 se
764 3113 883 3153 non
927 3105 992 3155 ut
1030 3095 1232 3167 frater,
1277 3095 1380 3155 sed
1426 3104 1492 3154 ut
1534 3093 1688 3154 filius
1714 3094 2010 3165 crevisset,
2032 3091 2166 3172 [27]
2200 3100 2262 3152 et
2288 3091 2450 3152 omni
2487 3110 2597 3150 suo
2628 3090 2732 3148 in-

526 3200 835 3251 cremento*
857 3211 971 3252 non
1000 3192 1256 3253 auctoris
1298 3192 1357 3252 in
1385 3192 1666 3253 damnum
1713 3192 1913 3261 inodo,
1961 3190 2066 3251 scd
2113 3210 2268 3270 pene
2308 3190 2368 3249 in
2412 3187 2735 3267 perniciem

524 3306 666 3347 usus
709 3299 887 3349 esset:
931 3310 1041 3350 nec
1068 3300 1287 3369 praeter
1312 3310 1381 3351 ea
1412 3290 1738 3370 quidquam
1767 3309 1984 3369 negans
2007 3291 2262 3349 omnium
2283 3306 2419 3365 quae
2443 3305 2479 3344 a
2499 3285 2746 3345 Caesare·

526 3381 878 3458 dicerentur,
915 3406 1037 3465 quo
1076 3387 1384 3449 confessus
1412 3389 1638 3448 veniam
1666 3387 1896 3449 facilius
1919 3385 2239 3445 inveniret:
2293 3383 2398 3443 sed
2438 3392 2578 3442 nota
2620 3378 2735 3442 sibi

523 3478 730 3542 dicens
758 3483 955 3544 omnia
981 3504 1164 3565 seque
1190 3507 1264 3546 ex
1292 3485 1383 3545 bis
1402 3485 1683 3555 dolorem,
1702 3491 1957 3564 quantus
1982 3481 2102 3541 ulla
2129 3482 2202 3540 de
2223 3500 2284 3541 re
2304 3480 2442 3558 capi
2472 3497 2730 3557 unquam

522 3589 745 3657 posset,
787 3588 852 3640 et
890 3599 1102 3661 capere
1154 3592 1218 3642 et
1255 3584 1516 3661 cepisse:
1561 3582 1796 3643 taudem
1839 3579 2212 3657 ⁸4singulares
2256 3577 2623 3647 obsecrabat,
2669 3584 2737 3635 ut

522 3674 900 3738 fratrem·sibi
929 3678 1713 3758 qualitercunquemeritum
1741 3679 2122 3747 condonaret,
2151 3695 2222 3735 eo
2248 3675 2592 3754 praesertim,
2610 3690 2737 3753 quo

523 3772 768 3852 publice
785 3792 924 3853 erga
966 3795 1029 3835 se
1057 3777 1297 3856 cognito
1336 3775 1583 3837 Caesaris
1609 3774 1847 3847 affectu,
1878 3773 2072 3854 siquid
2117 3774 2180 3835 in
2221 3793 2356 3834 eum
2385 3781 2740 3833 statueretur

522 3871 817 3949 asperius,
840 3871 1041 3931 ”nulii
1079 3873 1138 3933 in
1186 3873 1445 3933 animum
1475 3871 1694 3931 veniret
1737 3872 1851 3932 sine
1894 3872 2076 3951 ipsius
2117 3871 2485 3931 conscientia
2510 3868 2736 3929 factum

525 3986 691 4031 esse:
741 3985 881 4046 quas
923 3968 1186 4046 suspicio
1243 3968 1506 4029 omnium
1542 3968 1799 4047 populos
1843 3968 2172 4029 Galliarum
2212 3967 2327 4029 sibi
2362 3968 2739 4028 vehementer

593 4132 659 4180 82
691 4129 853 4194 Lege,
891 4128 1258 4195 eustanum—88
1289 4130 1565 4182 Sententia
1596 4130 1699 4181 loci
1734 4131 1968 4196 postulat:
1996 4128 2296 4195 supplicium,
2332 4132 2426 4178 ant:
2463 4126 2748 4189 vindictam,

527 4214 621 4260 aut
638 4210 748 4262 tale
768 4210 1046 4277 quim—84
1068 4212 1231 4278 Lege,
1245 4213 1707 4277 singularitem—8³
1723 4212 1948 4263 Videtur
1960 4209 2388 4276 legendnm,nulli
2418 4223 2512 4259 m
2550 4209 2606 4259 in
2637 4206 2742 4259 «ui-

526 4291 1160 4364 moeudretfliueipeius
1191 4296 1582 4348 comitati-m
1608 4294 1950 4358 factunm:
1987 4293 2112 4346 vide
2130 4292 2431 4349 cessamo-
