3117 5025
603 395 777 471 1⁷80
1222 412 1315 468 -J.
1359 411 1574 466 eamr
1622 407 2158 468 eouussnunu
2189 451 2200 460 .

601 592 701 636 ere
730 549 1087 655 properant:
1131 567 1236 630 sed
1264 563 1517 630 Romani
1542 568 1628 630 ini
1652 570 1826 649 pauci
1853 570 1958 649 qui
1985 570 2043 630 i'n
2063 566 2245 649 opido
2268 563 2458 640 eraut,
2484 567 2808 628 animorum

604 667 928 733 mutatione
970 671 1359 747 ⁷0perpensa;
1403 669 1621 729 strictis
1649 669 1847 730 subito
1887 667 2095 748 gladiis
2139 676 2343 746 portas
2379 673 2811 745 praeoccupant

603 778 669 832 et
720 766 1068 828 ineolumem
1120 765 1443 827 exercitum
1497 765 1914 826 intromittunt.
1997 767 2190 844 Capto
2231 765 2307 826 ad
2358 765 2514 824 hunc
2564 761 2808 824 modum

603 865 785 946 opido
815 866 1013 925 Caesar
1036 864 1232 924 statim
1261 863 1484 944 equites
1511 884 1649 924 suos
1679 875 1888 927 contra
1912 864 2236 943 equitatum
2285 861 2564 922 bostium·
2586 860 2809 920 adven·

605 973 827 1026 tantem
852 961 1079 1034 educit,
1106 972 1165 1022 et
1194 962 1325 1022 illos
1350 962 1607 1040 equestri
1633 962 1843 1042 proeiio
1869 970 2140 1022 conserto
2189 960 2371 1020 multa
2415 978 2550 1019 curn
2601 976 2805 1019 eorum

606 1070 801 1140 strage
830 1059 992 1128 vicit,
1032 1059 1176 1119 etin
1206 1059 1407 1139 fugam
1452 1059 1658 1119 vertit:
1702 1061 1878 1139 [123]
1917 1060 1976 1121 in
2026 1078 2142 1139 qua
2189 1057 2430 1118 victoria
2469 1062 2567 1133 (ne
2617 1056 2808 1134 prive-

603 1177 735 1220 mus
758 1178 863 1218 sua
901 1156 1077 1217 laude
1104 1155 1458 1230 barbariem)
1497 1154 2057 1236 quadringentorum
2084 1156 2351 1234 equitum
2378 1155 2808 1214 Germanorum

601 1258 708 1339 ‘qui
735 1257 843 1318 sub
873 1257 1105 1318 caesare
1151 1252 1500 1323 militabant,
1541 1261 1721 1333 atque
1765 1254 1843 1313 ab
1887 1253 2021 1333 ipso
2065 1251 2353 1331 principio
2393 1270 2591 1310 secum
2620 1260 2804 1320 erant,

596 1373 787 1435 'opera
811 1352 925 1415 fuit
950 1351 1218 1431 egregia:
1260 1351 1337 1412 ab
1363 1370 1436 1411 eo
1460 1351 1618 1411 enim
1665 1349 1927 1423 immissi,
1970 1350 2373 1412 laborantibus
2409 1348 2536 1409 aliis
2575 1348 2634 1406 iu
2661 1357 2805 1408 tem·

598 1463 750 1532 ‘pore
803 1449 1240 1516 subvenerunt;
1282 1446 1697 1527 flegeruutque
1751 1447 1961 1509 Gallos
2013 1448 2319 1527 repentino
2372 1448 2591 1526 impetu
2621 1468 2638 1505 ι
2695 1444 2806 1504 boo

599 1547 868 1609 videntes
893 1566 926 1605 e
953 1543 1241 1605 moenibus
1267 1543 1530 1622 opidani,
1555 1562 1660 1623 spe
1678 1543 1877 1605 auxilii
1904 1546 2135 1617 emissa,
2178 1545 2322 1605 iram
2350 1542 2601 1605 Caesaris
2629 1550 2808 1602 metus

604 1655 789 1716 entes,
818 1663 920 1702 eos
949 1642 1063 1721 qui.
1080 1641 1399 1702 tumultum
1426 1642 1825 1704 excitaverant
1873 1643 2099 1704 vinctos
2137 1642 2216 1703 ad
2259 1662 2394 1702 enm
2421 1640 2805 1707 deduxerunt,

602 1743 901 1822 ”captam
932 1738 1286 1800 deditionem
1316 1749 1686 1819 peregerunt.
1767 1743 1901 1820 Ipse
1941 1751 2139 1801 autem
2185 1740 2273 1800 his
2322 1739 2577 1819 peractis
2607 1733 2808 1798 Avari·

603 1859 739 1901 eum
768 1835 1082 1899 maximnm
1111 1836 1519 1917 optimumque
1545 1837 1789 1917 opidum
1820 1838 2165 1919 Biturigum,
2194 1849 2256 1900 et
2285 1838 2576 1898 uberrima
2601 1835 2806 1902 finium

602 1937 663 1998 in
693 1948 857 2016 parte
885 1933 1063 1996 situm
1113 1950 1455 2013 oppugnare
1482 1933 1809 2007 constituit,
1858 1935 2019 2013 quod
2068 1955 2141 1995 eo
2181 1944 2360 2015 capto
2401 1934 2695 1995 civitatem
2722 1931 2809 2012 ips

600 2054 726 2095 sam
757 2043 997 2114 captum
1027 2033 1100 2093 iri
1121 2051 1236 2094 non
1265 2032 1575 2092 diffideret.
1659 2033 2102 2114 Vercingetorix
2138 2043 2228 2096 tot
2253 2034 2513 2094 adversis
2541 2033 2808 2098 nondum

603 2131 800 2192 ariimo
855 2130 1152 2210 collapsus
1169 2149 1187 2201 ς
1230 2129 1349 2190 suis
1402 2128 1479 2189 ad
1524 2130 1834 2192 consilium
1884 2132 2106 2193 voeatis
2153 2132 2209 2191 in
2262 2131 2416 2193 hane
2462 2131 2806 2194 seutentiam

604 2227 900 2290 disseruit.
985 2235 1004 2262 ‘
1022 2226 1344 2298 Quotidie,’
1378 2226 1588 2306 inquit,
1630 2239 1648 2266 ³
1666 2230 2017 2308 experiendo
2045 2241 2104 2290 et
2132 2229 2418 2291 discendo
2447 2229 2597 2289 fiunt
2619 2227 2806 2289 homi·

604 2345 707 2387 nes
755 2323 1087 2395 doctiores:
1132 2322 1295 2402 quod
1324 2341 1458 2382 cum
1505 2323 1564 2382 in
1613 2325 1789 2386 rebus
1833 2329 2133 2399 omnibus:
2179 2338 2304 2389 tum
2335 2328 2628 2408 praecipue
2657 2328 2715 2386 in
2743 2339 2807 2387 re

602 2422 816 2485 bellica
861 2440 1062 2482 verum
1109 2440 1236 2481 esse
1289 2421 1780 2500 deprehenditur:
1825 2426 2073 2506 ⁷²:uagis
2121 2427 2325 2486 animis
2370 2427 2589 2486 bellum
2633 2443 2804 2503 grave

605 2520 992 2601 suscepimus,
1022 2518 1129 2580 sed
1157 2519 1389 2598 gerendi
1419 2520 1657 2582 modum
1689 2523 1824 2584 belli
1866 2544 1981 2584 non
2011 2536 2101 2585 sat
2123 2525 2391 2586 sollerter
2415 2523 2805 2595 advertimus:

595 2618 712 2679 alia
741 2617 914 2679 nobis
938 2618 1135 2697 itaque
1183 2616 1441 2677 bellandi
1482 2618 1634 2678 ratio
1679 2620 1952 2681 ineunda·
1970 2631 2091 2682 est:
2137 2640 2253 2683 non
2282 2631 2494 2701 sponte
2520 2640 2656 2681 cum
2686 2620 2810 2680 Ro·

600 2716 786 2778 manis
835 2714 1333 2777 concurrendum:
1380 2715 1479 2775 sed
1526 2717 1689 2777 omni
1737 2717 1968 2797 ingenio
2012 2720 2434 2798 providendum
2485 2729 2549 2779 ut
2587 2717 2809 2798 pabulo

600 2807 823 2885 hostes,
854 2822 920 2873 ut
947 2811 1370 2874 commeatibus
1398 2823 1728 2875 arceantur.
1814 2815 1883 2875 ld
1913 2816 2086 2876 nobis
2139 2817 2292 2877 haud
2337 2815 2575 2877 difficile
2624 2815 2809 2877 viden'

599 2909 801 2983 debet,
832 2932 967 2971 cum
994 2922 1056 2971 et
1075 2910 1341 2990 equitatu
1368 2916 1717 2989 praestemus
1744 2921 1806 2973 et
1830 2913 1968 2972 anni
1999 2922 2166 2992 parte
2205 2913 2571 2991 adjuvemur.
2653 2910 2808 2973 Illud

599 3020 836 3089 quoque
856 3009 1030 3097 uobis
1055 3009 1263 3068 acriter
1288 3008 1689 3087 cogitandum,
1712 3010 1912 3071 hostes
1940 3010 2248 3072 nobiscum
2275 3010 2331 3071 in
2349 3008 2570 3071 finibus
2598 3010 2808 3070 nostris

600 3116 890 3186 pugnant,
915 3117 977 3166 et
1004 3114 1207 3165 contra
1248 3125 1353 3165 nos
1391 3106 1605 3166 nostris
1640 3106 1905 3187 frugibus
1944 3119 2378 3170 sustentantur:
2421 3107 2523 3169 ubi
2552 3107 2806 3173 Romani

603 3201 975 3280 pabulatum,
1006 3203 1166 3262 vicos
1192 3203 1518 3281 domosque
1559 3223 1759 3265 omnes
1802 3205 2116 3286 frugesque
2155 3205 2425 3267 comburi
2459 3204 2805 3269 damnosum

602 3296 848 3359 fortasse
877 3298 1162 3375 videatur,
1194 3298 1561 3359 utilissimum
1590 3311 1699 3373 est,
1729 3320 1799 3362 ue
1821 3303 1933 3363 sub
1961 3304 2172 3364 nostris
2199 3304 2366 3364 tectis
2394 3302 2576 3363 nostri
2607 3303 2805 3363 hostes

602 3394 888 3467 habitent,
917 3397 1127 3457 nostris
1152 3398 1381 3457 alantur
1410 3396 1672 3478 frugibus
1687 3422 1705 3470 ς
1749 3400 2006 3480 inopiam
2035 3410 2140 3461 aut
2168 3419 2283 3461 non
2327 3400 2530 3471 ⁷³fere‚
2557 3409 2660 3460 aut
2685 3400 2806 3461 nou

600 3503 735 3554 tuto
762 3493 988 3571 longius
1015 3494 1361 3573 pabulatum
1392 3494 1560 3554 ibunt
1584 3516 1599 3554 :
1643 3495 1784 3555 nihil
1807 3497 1882 3556 ad
1915 3496 2218 3558 victoriam
2250 3497 2494 3567 intersit,
2516 3516 2590 3557 an
2613 3496 2809 3557 hostes

600 3590 964 3662 cccidamus,
993 3611 1065 3652 an
1096 3591 1253 3652 bello
1282 3590 1621 3650 necessariis
1668 3591 2020 3669 spoliemus:
2065 3592 2294 3673 gravius
2320 3593 2620 3671 aliquanto
2652 3593 2810 3654 vide·

603 3697 699 3749 tur
725 3689 885 3767 quod
930 3687 1197 3750 dicturus
1227 3707 1376 3758 sum,
1405 3685 1504 3746 scd
1534 3687 1733 3747 virtuti
1782 3688 1923 3748 nihil
1954 3698 2168 3768 praeter
2194 3691 2429 3768 cuipam
2458 3702 2634 3768 atque
2663 3690 2809 3751 infa-

602 3786 779 3847 miam
809 3807 985 3866 grave
1012 3796 1119 3847 est.
1203 3785 1400 3866 Opida
1430 3804 1669 3864 qnoque
1694 3804 1832 3863 qua:
1861 3804 1977 3847 non
2007 3787 2240 3867 penitus
2266 3786 2462 3847 valida
2487 3803 2559 3848 ac
2582 3788 2808 3848 munita

601 3894 739 3943 sunt
763 3885 1060 3944 exurenda
1090 3904 1324 3957 censeo,
1367 3903 1440 3943 ne
1487 3892 1591 3943 aut
1638 3886 1844 3945 nostris
1895 3885 2135 3956 inertiae‚
2183 3883 2356 3964 [124]
2392 3893 2497 3945 aut
2538 3884 2806 3947 hostibus

601 3978 842 4040 offensae
865 3982 1207 4042 diverticula
1226 3983 1358 4043 sint.
1441 3981 1504 4041 Si
1533 3982 1664 4061 quis
1693 3990 1779 4042 est
1805 3982 1903 4042 cui
1949 3982 2077 4042 haec
2103 3983 2259 4041 acria
2285 3979 2612 4055 videantur,
2648 3984 2811 4061 cogi·-

601 4085 688 4139 tet
716 4088 939 4157 quanto
966 4079 1155 4139 acrius
1199 4077 1484 4140 ⁷⁴liberos
1512 4087 1693 4160 atque
1744 4097 1953 4139 uxores
1995 4078 2053 4137 in
2101 4078 2437 4139 servitutem
2485 4077 2635 4139 trahi
2684 4099 2811 4141 cer-

660 4239 732 4286 '80
765 4237 924 4302 Lege,
956 4244 1340 4304 perspectae-'Il
1379 4242 1538 4310 Lege,
1580 4247 1924 4310 «κυρίαν-72
1955 4242 2116 4310 Lege,
2153 4240 2483 4306 ’Μεῗῦο-Ὶ.
2516 4242 2696 4309 nme,
2727 4241 2810 4303 fv·

596 4322 857 4371 rente—84
889 4316 1316 4389 Addendnm‚si8.
