3117 5025
620 421 795 490 1⁷54
1269 439 1331 489 ss
1376 437 1588 488 cansr
1635 437 2177 492 counnu‘raan

621 592 783 658 dies:
847 603 961 652 non
1010 591 1177 670 potui
1224 605 1355 671 ego,
1424 613 1534 654 nec
1575 585 1770 674 patria
1805 594 2003 674 potnit
2041 612 2195 666 mea,
2241 590 2489 654 consilio
2542 590 2826 663 omniurn,

620 699 742 754 tam
776 691 1018 750 honesto
1047 692 1389 770 praesertim,
1418 703 1484 750 nt
1510 701 1601 753 est
1630 693 1935 753 consilium
1964 691 2269 762 libertatis,
2301 690 2555 749 obstare.
2625 688 2830 774 'quue

621 787 900 867 perfacile
927 788 1099 848 fuerit
1127 788 1430 868 cogitanti,
1480 799 1575 849 me
1601 790 1822 850 Caesari
1850 808 2040 869 neque
2065 786 2320 848 nocendi
2347 805 2588 846 cansam
2618 786 2665 846 si
2693 803 2834 865 pos·-

620 885 754 957 aim,
802 906 994 964 neque
1039 886 1086 946 si
1118 888 1287 947 velim
1317 888 1642 966 potentiam
1687 887 1994 948 habuisse:
2044 897 2110 947 ut
2134 886 2284 946 enim
2314 884 2502 962 fingar
2545 884 2830 961 ingratus,

623 996 745 1041 non
783 993 899 1043 tam
930 985 1192 1070 demens,
1242 994 1485 1063 tamque
1531 983 1751 1044 inscius
1792 1003 1983 1044 rerum
2034 1004 2182 1054 sum,
2232 993 2293 1043 ut
2340 981 2580 1042 tantulis
2610 980 2834 1041 viribus

621 1081 939 1161 expugnari
968 1103 1142 1162 posse
1169 1083 1403 1142 credam
1448 1084 1514 1142 P.
1548 1084 1894 1143 Romanum.
1981 1083 2159 1141 Nunc
2206 1078 2480 1159 qnoniam
2520 1077 2832 1158 pubiicum

624 1176 894 1242 debitum
951 1182 1152 1259 patriae
1208 1181 1454 1252 exsolvi,
1514 1182 1648 1240 volo
1705 1180 1977 1258 privatim
2029 1177 2190 1257 quod
2229 1176 2424 1236 debeo
2479 1176 2833 1255 persolvere.

624 1275 845 1338 Moneo
889 1278 1064 1357 igitur
1109 1287 1170 1337 et
1213 1278 1480 1337 obtestor
1522 1297 1745 1348 omnes,
1803 1275 2145 1336 nominatim
2194 1275 2492 1334 Titurium
2543 1273 2832 1334 Sabinum

494 1405 507 1413 -
623 1392 733 1451 pro
750 1373 890 1451 jure
919 1374 1177 1454 hospitii,
1200 1374 1385 1454 .qnod
1416 1376 1497 1434 illi
1523 1383 1614 1435 est
1641 1394 1893 1445 mecum,
1935 1381 2001 1433 nt
2027 1370 2394 1432 indemnitati
2421 1387 2542 1431 snae
2567 1389 2837 1432 suorum·

625 1489 743 1550 que
770 1472 1077 1551 provideat
1121 1474 1423 1534 abeundo:
1469 1492 1680 1551 magna
1725 1472 1882 1532 enirn
1911 1474 2354 1533 Germanorum
2397 1487 2605 1528 manus
2649 1466 2837 1546 pretio

511 1563 524 1574 “
625 1567 927 1628 conducta
953 1570 1215 1631 transiit:
1261 1570 1444 1630 biduo
1470 1569 1687 1630 aderit:
1732 1589 1913 1631 unum
1944 1568 2099 1629 bona
2126 1567 2245 1627 tide
2275 1566 2578 1646 polliceor,
2622 1564 2840 1626 ¹0vir0·

624 1653 998 1741 «pestutum
1047 1687 1156 1747 per
1203 1688 1363 1728 meos
1412 1669 1557 1728 fines
1586 1668 1696 1728 iter
1725 1667 1872 1728 sore.
1956 1668 2046 1726 lta
2095 1675 2155 1725 et
2200 1665 2402 1744 patriae
2446 1679 2555 1742 pro
2584 1661 2838 1724 naturali

615 1762 754 1839 jure
783 1766 1157 1835 consuluero,
1203 1765 1336 1844 [90]
1364 1785 1614 1844 eamque
1646 1765 2017 1827 hibernorum
2049 1763 2205 1842 gravi
2236 1762 2398 1822 fasce
2423 1761 2734 1831 levaver03
2775 1768 2839 1821 et

627 1858 849 1920 Caesari
903 1881 1013 1940 pro
1062 1862 1182 1922 suis
1231 1862 1531 1923 beneficiis
1560 1862 1748 1922 vicem
1796 1859 2131 1932 reddidero,
2188 1860 2596 1938 legionemque
2646 1876 2840 1918 serva·

623 1976 761 2018 vero
789 1958 851 2017 in
878 1959 1123 2021 consilio
1148 1961 1326 2020 modo
1355 1969 1490 2032 stet,
1543 1961 1700 2021 baud
1730 1960 1912 2020 dubie
1961 1957 2316 2039 perituram!
2398 1956 2509 2016 His
2537 1955 2716 2015 dictis
2743 1954 2840 2017 ine

625 2053 795 2128 abiit,
853 2057 1038 2116 nuntii
1088 2058 1163 2117 ad
1212 2058 1433 2137 legatos
1477 2059 1726 2118 redeunt
1768 2070 1828 2117 et
1885 2056 2087 2117 audita
2128 2055 2495 2116 renuntiant:
2541 2052 2737 2112 subita
2778 2071 2841 2114 re

630 2156 676 2184 ¹¹
704 2152 1094 2230 periculosius
1120 2174 1189 2212 ea
1219 2151 1485 2231 quantivis
1528 2154 1609 2215 ab
1637 2154 1973 2215 dicerentur
2001 2153 2157 2213 haud
2189 2171 2483 2232 quaquam
2513 2149 2844 2231 spernenda

629 2248 999 2324 videbantur,
1050 2269 1124 2311 eo
1168 2251 1439 2323 maxime,
1466 2252 1632 2332 quod
1673 2254 2014 2313 Eburonum
2060 2250 2263 2312 civitas
2310 2260 2430 2309 tam
2475 2268 2679 2329 parva,
2729 2248 2843 2308 nisi

626 2347 753 2410 alias
804 2347 1231 2426 conspirarent,
1274 2368 1575 2428 nunquam
1627 2360 1747 2411 tam
1796 2368 2010 2428 magna
2052 2356 2262 2409 contra
2287 2348 2581 2407 Caesarem
2627 2363 2845 2406 ausura

628 2444 984 2517 crederetur,
1017 2465 1106 2506 res
1134 2446 1211 2506 ad
1242 2447 1549 2508 consilium
1581 2447 1867 2509 defertur.
1956 2447 2076 2508 Ubi
2102 2447 2205 2507 din
2233 2444 2497 2505 adversis
2528 2440 2841 2505 sententiis

629 2545 1025 2606 ¹²altrieatum
1071 2555 1184 2606 est.
1266 2548 1664 2626 Arunculejus
1694 2549 1877 2609 Cotta
1903 2556 1963 2607 et
1993 2546 2213 2606 tribuni
2259 2540 2508 2604 militum
2537 2552 2597 2602 et
2640 2551 2845 2603 centu·

626 2641 819 2703 tiones
868 2643 1104 2722 plurimi
1144 2665 1344 2705 secum
1373 2646 1706 2717 sentientes,
1758 2653 1776 2678 ‘
1800 2644 2136 2723 neutiquam
2185 2639 2612 2702 discedendum
2640 2661 2713 2700 ex
2757 2637 2846 2698 hi·

629 2738 842 2812 bernis,
895 2741 1126 2822 absque
1175 2743 1306 2821 ejus
1352 2743 1455 2823 qui
1504 2743 1635 2804 illos
1682 2743 1765 2803 ibi
1815 2743 2068 2802 locasset
2111 2739 2380 2818 imperio,
2432 2736 2844 2798 consulebant.

627 2837 835 2899 Castra
863 2840 1018 2900 enim
1048 2841 1239 2902 valida
1267 2850 1329 2902 et
1358 2841 1597 2914 munita,
1625 2851 1685 2902 et
1716 2838 2216 2900 ¹³srumeutariam
2242 2835 2481 2897 abunde
2511 2844 2844 2914 suppetere.

628 2937 863 3007 Quibus
906 2938 986 2999 ita
1014 2960 1073 2999 se
1119 2939 1473 3000 habentibus
1501 2950 1561 2999 et
1608 2939 1911 2999 Eburones
1939 2949 1999 2998 et
2040 2939 2374 2997 Germanos
2401 2933 2451 2993 si
2493 2931 2848 2993 accesserint

630 3034 801 3095 facile
830 3037 1100 3096 sustineri
1149 3056 1360 3114 posse:
1404 3037 1635 3096 interim
1684 3036 1773 3095 vel
1818 3055 1852 3094 a
1899 3037 2133 3096 Caesare
2161 3032 2255 3091 vel
2305 3050 2341 3089 a
2389 3028 2845 3109 proximioribus

629 3131 890 3192 bibernis
918 3132 1133 3192 auxilia
1161 3144 1425 3193 ventura.
1511 3134 1821 3192 Postremo
1869 3131 2016 3191 nibil
2060 3127 2295 3215 stultius
2339 3144 2519 3204 quam
2565 3124 2622 3184 in
2660 3122 2848 3184 dubio

628 3230 707 3291 de
745 3251 853 3291 sua
878 3233 1068 3293 salute
1115 3232 1193 3292 ab
1220 3232 1468 3312 antiquo
1517 3233 1685 3292 hoste
1729 3230 2044 3292 consilium
2089 3226 2406 3305 accipere!
2479 3226 2709 3284 Contra
2734 3223 2849 3285 ista

625 3329 892 3390 Titurius
955 3330 1212 3390 Sabinus
1271 3341 1489 3390 metum
1533 3330 1729 3391 verbis
1780 3348 1997 3409 augere
2050 3335 2112 3387 et
2168 3325 2352 3384 multa
2405 3320 2622 3392 dicere,
2680 3326 2699 3354 ‘
2729 3337 2847 3378 non

629 3428 860 3489 consilii
915 3438 1260 3501 anctorem;
1327 3428 1428 3488 sed
1497 3428 1805 3489 consilium
1874 3421 2294 3493 extimandum,
2366 3428 2428 3479 et
2501 3437 2620 3478 non
2694 3417 2850 3497 quis,

631 3526 732 3587 sed
780 3527 940 3606 quod
999 3526 1251 3605 quisque
1308 3525 1467 3587 dicat
1522 3525 1968 3587 attendendum.
2049 3520 2304 3584 Credere
2357 3538 2421 3577 se
2474 3518 2762 3577 Caesarem
2793 3514 2851 3573 iu

631 3624 864 3685 ltaliam
910 3624 1266 3705 profectum,
1318 3645 1439 3704 quo
1487 3636 1776 3703 praesente
1826 3643 2016 3702 neque
2062 3621 2372 3682 Eburones
2419 3615 2535 3675 boc
2583 3632 2851 3686 ausuros,

632 3741 825 3802 neque
881 3724 1169 3783 Carnutes
1224 3721 1551 3802 principem
1625 3742 1795 3782 sunm
1849 3721 1893 3756 ¹⁴
1915 3739 2091 3801 quam
2147 3717 2354 3777 diebus
2434 3711 2545 3772 illis
2616 3709 2852 3770 occisu-

628 3839 744 3880 ros.
855 3819 1111 3880 Galliam
1163 3817 1436 3898 profecto
1484 3819 1641 3880 odiis
1687 3818 2022 3898 ingentibus
2067 3814 2489 3876 inflammatam
2531 3817 2595 3868 et
2637 3816 2853 3867 contu·

632 3915 821 3976 meliis
850 3917 1153 3991 irritatam,
1202 3938 1313 3978 nec
1342 3916 1531 3978 videri
1559 3918 1672 3978 sibi
1701 3938 1830 3978 eam
1859 3936 1987 3977 esse
2015 3912 2270 3976 Galliam
2297 3928 2436 3990 qua
2464 3905 2717 3975 solebat,
2745 3900 2851 3962 sed

630 4013 802 4075 aliam
832 4014 1034 4075 nescio
1064 4034 1240 4094 quam
1267 4027 1512 4077 externo
1542 4014 1837 4076 subditam
1868 4013 2133 4093 imperio,
2159 4020 2344 4088 atque
2375 4007 2612 4084 inopem
2642 3999 2850 4081 glorioe

633 4111 914 4173 militaris.
997 4114 1381 4174 Germaniam
1428 4114 1621 4175 Rheni
1662 4112 1912 4174 transitu
1937 4120 1999 4171 et
2029 4108 2305 4171 Ariovisti
2336 4103 2515 4183 fuga3
2556 4119 2627 4160 ac
2655 4106 2848 4157 morte

698 4261 763 4307 1⁰
797 4237 1313 4323 tegminaque-11⁷
1347 4260 1528 4323 Forte,
1545 4260 1770 4325 perculsi,
1792 4259 1914 4324 quod
1934 4272 2009 4319 ea,
2029 4255 2241 4322 mmsis
2261 4252 2320 4303 ιώ
2342 4251 2473 4301 hoste
2494 4246 2850 4298 diem.—

634 4343 696 4391 12
727 4338 889 4406 lege,
907 4340 1336 4391 cuneatum—18
1371 4340 1542 4407 Adde,
1562 4347 1814 4394 rem—14
1850 4341 2027 4405 Forte,
2050 4340 2118 4389 in.
