3117 5025
917 430 1017 480 nn
1063 430 1244 480 vrrs
1287 430 1494 481 mnu
1541 431 1899 486 cannis.
2340 421 2517 490 1749

308 602 429 646 sem
455 584 658 645 casn-is
682 581 1013 664 egreditur:
1055 594 1117 646 et
1145 585 1397 665 patriam
1426 606 1631 647 versus
1659 587 1769 647 iter
1795 586 2062 668 arripuit.
2147 587 2331 658 Quod
2369 608 2517 662 cum

307 682 507 744 Caesar
529 682 819 756 audisset,
854 683 1225 764 navigatione
1252 685 1555 764 rebusque
1578 685 1854 760 omnibus
1883 684 2258 765 posthabitis,
2287 687 2522 765 equita-

308 788 399 840 tus
448 791 687 860 partem
740 781 905 841 illum
951 782 1119 862 sequi
1173 783 1541 855 ⁷²reducere;
1611 782 1700 843 sin
1729 793 1926 844 autem
1955 783 2205 854 resistat,
2248 783 2521 850 occidere

303 878 594 959 praecipit.
675 880 785 964 Ille
812 900 952 940 cum
992 880 1291 960 equitibus
1330 883 1612 944 assecutis
1656 881 1841 942 redire
1887 881 1961 942 ad
2013 883 2303 942 Caesarem
2339 883 2523 960 jube-

309 985 483 1048 retur,
511 978 948 1040 contumaciter
973 980 1209 1040 obstare
1236 991 1297 1041 et
1323 979 1502 1042 tidem
1544 980 1832 1042 comitum
1870 979 2200 1058 implorare,
2244 1000 2424 1059 seque
2462 991 2527 1045 et

306 1071 554 1136 liberum
580 1085 646 1136 et
670 1076 857 1138 libera
882 1086 1075 1139 ortum
1117 1079 1175 1138 in
1204 1079 1395 1158 patria
1429 1079 1840 1159 proclamareg
1881 1076 2110 1157 equites
2139 1075 2411 1151 Romani,
2457 1089 2526 1141 ut

298 1169 447 1249 jussi
484 1184 677 1247 erant,
718 1174 1127 1237 vociferantem
1177 1197 1365 1257 seque
1409 1196 1590 1238 manu
1609 1185 2008 1256 protegentem
2056 1175 2421 1236 circumeunt
2465 1185 2532 1239 et

308 1269 688 1334 obtruncant.
772 1274 1015 1353 Equites
1061 1285 1255 1336 autem
1297 1275 1475 1336 AEdui
1523 1276 1681 1337 duce
1726 1274 1942 1335 amisso
1990 1272 2068 1333 ad
2115 1274 2407 1335 Caesarem
2446 1292 2525 1336 an

310 1366 568 1430 volentes
596 1389 669 1430 an
696 1371 863 1431 inviti
890 1371 1159 1432 redeunt.

384 1466 529 1528 Post
556 1468 936 1549 Dumnorigis
965 1489 1141 1548 aequo
1164 1469 1417 1549 amplius
1442 1469 1689 1530 dilatam
1718 1467 1963 1540 cedem,
1989 1466 2067 1527 ad
2096 1467 2526 1547 navigationem

308 1557 695 1626 intermissam
724 1568 922 1629 Caesar
964 1567 1227 1627 animum
1254 1565 1501 1628 reflexit.
1585 1566 1664 1626 Et
1691 1566 1896 1626 relicto
1923 1566 1982 1625 in
2030 1562 2235 1627 Galliis
2261 1564 2526 1626 Labieno

312 1676 445 1720 cum
473 1661 665 1722 tribus
706 1663 1035 1742 legionibus
1077 1673 1139 1725 et
1177 1663 1413 1724 duobus
1440 1662 1676 1724 milibus
1704 1663 1978 1734 militum,
2031 1663 2134 1742 qui
2181 1673 2244 1723 et
2272 1666 2324 1701 ⁷³
2337 1662 2525 1741 portis

309 1752 709 1833 defenderent,
734 1772 799 1822 et
825 1761 1103 1823 exercitui
1131 1769 1423 1841 oportuna
1449 1761 1908 1821 transmitteret:
1953 1769 2014 1820 et
2061 1759 2111 1820 si
2140 1759 2305 1839 quod
2335 1759 2391 1798 ⁷4
2402 1779 2524 1821 non

308 1848 417 1913 illis
454 1855 516 1916 in
545 1861 719 1919 terris
756 1871 1098 1938 emergeret,
1139 1860 1447 1920 consilium
1470 1858 1720 1938 tempori
1765 1878 1839 1919 ac
1866 1857 2042 1918 rebus
2090 1856 2370 1918 idoneum
2405 1877 2526 1919 non

314 1948 605 2015 ”deesse.
638 1957 657 1978 ⁶
690 1956 828 2035 Ipse
851 1957 1159 2018 occidente
1188 1957 1310 2017 sole
1337 1956 1539 2018 funem
1570 1955 1741 2016 solvit
1758 1979 1776 2027 ;
1821 1965 1884 2016 et
1910 1974 2200 2035 prospero
2236 1974 2423 2033 usque
2449 1955 2532 2016 ad

310 2047 565 2111 mediam
597 2064 832 2114 noctem
854 2065 1029 2115 vento
1058 2074 1196 2115 usus
1218 2077 1236 2127 3
1281 2062 1343 2113 et
1370 2063 1513 2114 tunc
1543 2052 1786 2116 tandem
1813 2052 2126 2115 destitutus
2145 2063 2298 2114 oestu
2328 2052 2533 2132 impel-

312 2142 463 2208 lente
488 2148 856 2211 destinntum
881 2151 994 2211 iter
1028 2150 1515 2230 praetermiseratg
1557 2149 1656 2210 die
1685 2149 1927 2211 demum
1955 2151 2232 2231 proximo
2259 2151 2335 2212 ad
2380 2149 2529 2211 illud

312 2241 499 2321 iptum
527 2247 700 2308 littus
729 2249 834 2309 ubi
878 2268 1030 2310 anno
1057 2249 1357 2329 superiore
1383 2247 1775 2312 descenderat
1803 2249 1917 2309 sub
1946 2249 2247 2311 meridiem
2272 2257 2365 2309 est
2391 2267 2525 2328 per-

314 2354 572 2417 ventum,
604 2364 794 2425 neque
825 2346 974 2406 ullus
1001 2347 1187 2408 bostis
1217 2346 1301 2407 ibi
1332 2346 1636 2407 inventus:
1680 2345 1849 2405 multi
1878 2345 2116 2424 quidem
2146 2344 2396 2420 fuerent,
2425 2343 2532 2406 sed

316 2448 377 2529 ut
399 2461 471 2501 ex
499 2442 756 2523 captivis
782 2452 873 2505 est
899 2444 1224 2523 cognitum,
1275 2453 1395 2504 tam
1424 2460 1738 2503 numerosa
1766 2450 2005 2523 tamque
2031 2442 2318 2504 instructa
2345 2442 2532 2504 classe

316 2549 657 2621 conspecta,
684 2551 926 2623 stupore
953 2564 1025 2605 ac
1056 2553 1215 2604 metu
1244 2552 1618 2623 praeurgente
1648 2541 2018 2622 diffugerant,
2068 2550 2250 2620 atque
2276 2541 2335 2600 in
2361 2560 2532 2602 mou·

315 2644 447 2698 tana
492 2641 990 2703 conscenderant.
1092 2641 1274 2712 Quod
1333 2642 1534 2705 Caesar
1585 2640 1939 2719 intelligens,
1995 2638 2371 2718 edoctusque
2426 2639 2532 2699 ubi

316 2745 525 2809 essent,
581 2747 779 2800 castra
823 2750 1074 2801 metatus
1118 2740 1181 2800 in
1227 2740 1447 2810 littore,
1503 2748 1568 2800 et
1610 2736 1886 2817 praesidio
1927 2737 2132 2799 castris
2181 2755 2253 2796 ac
2281 2734 2532 2796 navibus

317 2829 616 2913 imposito,
646 2836 723 2897 ad
747 2839 1128 2918 quaerendum
1149 2838 1351 2903 hostes
1378 2838 1531 2916 rapit
1557 2836 1900 2907 exercitum,
1927 2835 2141 2915 quibus
2167 2852 2273 2913 per
2297 2841 2534 2894 noctem

318 2934 818 3014 appropinquans,
848 2936 981 3016 [84]
1022 2956 1192 2998 mane
1230 2936 1363 2996 illos
1403 2935 1465 2995 in
1490 2941 1815 3013 conspectu
1847 2932 2078 2991 babuit.
2159 2929 2252 2989 llli
2283 2929 2536 2991 vicissim

318 3028 587 3092 hostibus
614 3042 989 3095 occurrentes
1022 3044 1083 3094 et
1106 3034 1185 3095 ad
1214 3033 1403 3113 ripam
1428 3032 1616 3093 amnis
1642 3031 1845 3091 altiore
1867 3029 1944 3090 de
1972 3031 2109 3090 loco
2136 3022 2422 3108 impetum
2450 3024 2537 3088 fa·

320 3126 557 3201 cientes,
587 3129 665 3190 ab
690 3130 961 3208 equitatu
982 3130 1251 3191 Caesareo
1278 3129 1391 3190 fusi
1416 3137 1572 3201 sunt,
1602 3128 1661 3188 in
1692 3128 1981 3208 silvasque
2008 3126 2372 3207 refugerunt.
2441 3125 2534 3185 lbi

321 3224 513 3287 locum
542 3236 755 3288 natura
783 3228 1048 3291 validum
1095 3228 1318 3290 truncis
1364 3248 1438 3289 ac
1484 3226 1828 3289 transversis
1871 3225 2185 3287 arboribus
2240 3220 2531 3284 validissi-

318 3339 477 3383 mum
502 3323 859 3387 effecerant:
902 3345 976 3386 eo
1002 3335 1202 3387 tamen
1228 3325 1470 3404 septima
1502 3324 1655 3404 legio
1699 3322 2025 3402 penetravit
2062 3331 2124 3384 et
2172 3321 2343 3400 quasi
2363 3319 2534 3401 =feras

321 3415 511 3478 lustris
538 3418 696 3480 ferro
721 3420 969 3500 expulit.
1053 3423 1136 3482 At
1163 3421 1306 3483 dum
1335 3420 1623 3501 profugos
1649 3421 1881 3499 longius
1911 3419 2079 3500 sequi
2098 3418 2307 3489 vellen
2351 3435 2535 3497 prop·

323 3520 405 3575 ter
427 3517 693 3578 locorum
723 3518 1071 3599 imperitiam
1099 3539 1134 3581 a
1163 3519 1320 3580 duce
1347 3518 1644 3599 prohibita
1671 3528 1780 3579 est.
1868 3517 1986 3577 Hic
2015 3535 2254 3595 quoque
2278 3524 2533 3593 tempes-

324 3620 407 3673 tas
452 3615 639 3675 altera
679 3616 1008 3678 Romanhm
1051 3616 1300 3679 classem
1336 3616 1594 3688 vexavit,
1641 3625 1708 3675 ut
1752 3634 1814 3674 se
1863 3622 2269 3691 contemptum
2299 3630 2334 3671 a
2361 3618 2535 3690 gente

325 3710 766 3786 mediterranea,
807 3714 1043 3792 penitus
1070 3712 1358 3792 indignari
1384 3724 1562 3794 atque
1589 3711 1765 3775 irasci
1793 3710 2090 3771 videretur
2116 3711 2394 3770 Oceanus
2409 3730 2428 3778 ;
2472 3716 2536 3768 et

327 3808 574 3895 coelestis
604 3811 690 3870 ira
719 3807 1094 3872 ⁷⁶terrescere
1132 3830 1335 3872 rursus
1363 3808 1753 3890 pervicaciam
1778 3816 2102 3869 coerceret.
2189 3808 2327 3867 Non
2367 3804 2532 3867 enim

329 3906 734 3967 tantummodo
762 3907 1004 3968 ⁷⁷animi
1031 3906 1269 3971 alterius
1298 3892 1561 3986 aequabit
1602 3906 2048 3969 incommodum
2077 3905 2179 3966 sed
2229 3916 2535 3966 transcen-

329 3998 430 4063 dit.
509 4005 693 4074 Quod
742 4004 846 4067 ubi
872 4002 1134 4068 ⁷⁸Caesar
1160 4025 1198 4066 a
1224 4004 1453 4078 Quinto
1479 4005 1673 4079 Atrio,
1723 4025 1900 4085 quem
1943 4003 2120 4067 classi
2164 4001 2531 4083 praefecerat,

328 4286 333 4295 ,
394 4235 461 4284 72
488 4232 832 4300 Audendum,
856 4240 1063 4288 sca-'18
1095 4237 1260 4302 Iege,
1276 4240 1594 4302 parem—⁷4
1625 4236 1787 4301 Lege,
1803 4235 2061 4287 ποσὰ-’16
2095 4234 2257 4300 Lege,
2272 4233 2535 4285 annet.—

333 4314 395 4363 76
434 4315 596 4383 legs,
615 4321 1037 4371 ternam—⁷⁷
1070 4317 1235 4385 Lege,
1254 4317 1522 4372 σκιὴ-78
1553 4317 1715 4384 Lege,
1739 4315 1937 4369 ocari.
2039 4353 2046 4359 -
