3117 5025
956 421 1053 469 ne
1099 420 1279 468 viu
1320 420 1527 470 mun
1571 418 1931 472 cassare.
2257 397 2263 402 ’
2361 401 2535 470 1⁷89

326 571 496 640 teret,
526 574 633 626 aut
656 562 834 627 ferret
858 547 1159 626 auxilium.
1242 564 1400 626 Nam
1429 562 1477 624 si
1506 563 1747 626 forsitan
1788 565 1836 600 ⁹¹
1853 563 2162 630 transferre
2187 583 2304 624 non
2331 575 2537 644 posset

326 662 679 742 reipublicae
704 664 951 743 negotiis
977 673 1327 745 occupatus,
1378 663 1517 724 satis
1552 663 1908 742 abundeque
1951 661 2065 721 illis
2113 681 2240 721 esse
2277 661 2536 739 praesidii

332 759 391 820 in
416 761 598 820 solius
626 762 920 836 exereitus
950 762 1120 833 fama,
1170 783 1306 841 quae
1348 771 1487 840 post
1534 760 1834 820 devictum
1874 758 2305 836 ’²Ariojustum
2355 768 2535 840 atque

332 857 606 920 ultimum
637 859 751 918 hoc
778 859 1045 937 praelium
1073 859 1433 930 consectum,
1479 867 1600 918 tam
1649 858 1767 924 late
1813 877 1919 936 per
1961 865 2216 917 extrema
2253 857 2538 920 ⁹³Gauiae

330 955 549 1016 diffusa
578 966 750 1031 esset,
789 967 853 1015 ut
883 957 995 1016 sub
1022 955 1152 1034 ejus
1188 957 1395 1017 umbra
1422 956 1673 1016 nominis
1704 965 1861 1015 tutos
1887 975 1951 1015 se
1978 975 2102 1014 esse
2133 973 2301 1034 posse
2350 952 2539 1014 coufi-

330 1051 578 1114 demnt:
626 1052 886 1114 Navium
914 1074 1051 1115 vero
1078 1054 1154 1115 ad
1185 1055 1487 1116 transitum
1516 1054 1740 1116 affatim
1769 1054 1878 1114 sibi
1907 1073 2032 1114 esse
2060 1072 2173 1114 nou
2217 1052 2539 1116 dubitaret-

332 1150 409 1210 Et
439 1150 644 1210 Caesar
671 1151 737 1212 iis
766 1151 1003 1232 quidem
1031 1153 1108 1211 de
1136 1153 1324 1213 causis
1363 1172 1434 1212 ac
1483 1151 1730 1214 fortasse
1777 1150 1902 1211 aliis
1952 1150 2257 1210 transitum
2294 1158 2541 1228 exopta·

336 1246 476 1307 bat:
522 1247 630 1308 sed
660 1249 901 1309 transire
931 1250 1180 1310 navibus
1208 1269 1401 1329 neque
1430 1250 1569 1310 satis
1600 1259 1811 1321 tutum,
1841 1267 2030 1327 neque
2061 1247 2151 1306 vel
2179 1245 2291 1308 sibi
2318 1246 2409 1306 vel
2435 1265 2544 1323 po-

328 1345 481 1424 pulo
524 1347 796 1406 Romano
836 1348 977 1408 satis
1020 1346 1410 1414 honorificum
1444 1348 1802 1427 judicabat:
1872 1345 2251 1424 animumque
2289 1342 2426 1404 ideo
2464 1342 2542 1403 ad

312 1453 686 1529 ‚structuram
714 1444 905 1523 pontis
952 1444 1298 1518 intenderat,
1345 1445 1576 1506 tametsi
1622 1444 2029 1506 difficultatem
2079 1440 2392 1504 maximam
2439 1438 2547 1500 flu·

336 1539 507 1599 minis
557 1540 809 1619 impetus
850 1542 1337 1621 profunditasque
1388 1552 1447 1602 et
1500 1541 1751 1602 latitudo
1799 1538 2269 1620 praetenderent}
2311 1537 2417 1598 sed
2458 1536 2545 1608 nil

335 1636 672 1697 volentibus
708 1638 993 1700 arduum:
1065 1640 1355 1720 disposuit
1408 1639 1777 1718 firmavitque
1836 1639 1926 1699 vel
1983 1638 2145 1698 nullo
2185 1636 2364 1697 modo
2403 1636 2546 1706 alio,

336 1735 428 1794 vel
456 1745 643 1812 ponte
672 1735 951 1798 transire:
1003 1737 1257 1814 vicitque
1297 1756 1527 1797 omnem
1568 1756 1764 1796 rerum
1791 1735 2233 1815 perplexitatem
2260 1732 2547 1813 operosis-

334 1830 471 1891 simi
494 1841 678 1911 atque
705 1833 1095 1895 ardentissimi
1121 1834 1285 1896 ducis
1312 1833 1598 1896 industria
1623 1842 1806 1913 atque
1833 1830 2345 1911 obsequentissimi
2359 1829 2544 1891 durus

330 1928 509 1990 labor
555 1928 862 1991 exercitus.
944 1932 1132 1991 Ponte
1186 1931 1363 2011 igitur
1408 1930 1570 1994 brevi
1611 1941 1874 2010 tempore
1918 1931 2064 1991 mira
2104 1938 2228 1996 arte
2281 1928 2548 2008 perfecto

334 2025 597 2086 traduxit
623 2035 874 2102 armatas
903 2027 1178 2107 legiones.
1262 2028 1614 2108 Primusque
1643 2030 2062 2100 Romanorum,
2089 2027 2243 2088 sicut
2259 2026 2547 2104 scripturn

335 2130 449 2194 est,
480 2124 810 2188 Germanos
846 2124 948 2205 qui
996 2133 1155 2186 trans
1185 2126 1460 2200 Rhenum
1506 2125 1791 2197 incolunt,
1834 2144 2160 2206 aggressus,
2200 2124 2255 2162 ⁹⁴
2269 2123 2550 2184 maximas

335 2218 540 2280 effecit
592 2220 896 2282 cladibus:
940 2221 1045 2282 sed
1098 2241 1312 2301 sequor
1362 2221 1650 2284 ordinem.
1735 2221 2015 2284 Proesidio
2070 2220 2425 2282 validissimo
2469 2220 2549 2280 ab

340 2327 592 2398 utraque
619 2320 816 2398 pontis
842 2329 1010 2399 parte
1038 2319 1323 2391 dimisso;
1365 2320 1590 2399 primus
1618 2319 1700 2380 illi
1728 2329 1869 2400 post
1907 2319 2098 2381 Rheni
2146 2319 2445 2382 transitum
2489 2318 2549 2380 in

336 2417 678 2478 Sicambros
725 2416 838 2478 suit
884 2416 1157 2495 impetus,
1205 2416 1341 2497 [71]
1380 2417 1483 2496 qui
1529 2418 1782 2498 superbe
1830 2417 2083 2480 Romani
2129 2416 2275 2478 fines
2324 2415 2551 2497 imperii

336 2515 555 2579 Rheno
576 2534 747 2575 amne
775 2515 1277 2594 praescripserant.
1358 2517 1436 2576 Et
1463 2518 1730 2597 pergenti
1756 2518 2068 2599 multarum
2093 2517 2328 2601 urbium
2371 2516 2553 2595 legio·

343 2633 449 2673 nes
488 2622 871 2673 occurrerunt
911 2611 1227 2675 amicitiam
1269 2631 1604 2692 pacemque
1645 2615 1990 2694 petentium,
2035 2614 2253 2694 quibus
2281 2614 2552 2675 omnibus

342 2711 595 2790 benigne
648 2709 1011 2790 respondens
1063 2713 1265 2773 Caesar
1304 2711 1546 2772 obsides
1593 2712 1920 2791 imperavit.
2004 2710 2290 2775 Sicambri
2331 2719 2552 2785 autem,

340 2818 409 2869 ut
446 2817 539 2868 est
572 2826 787 2887 magna
812 2826 945 2886 pars
974 2807 1275 2869 hominum
1304 2807 1498 2868 verbis
1527 2828 1707 2888 quam
1736 2810 1907 2869 factis
1934 2808 2271 2880 animosior,
2301 2828 2441 2868 mox
2468 2806 2554 2868 in-

342 2906 503 2985 cepti
530 2906 690 2967 sama
714 2907 909 2985 pontis
954 2903 1177 2976 audita,
1227 2904 1598 2985 quorundam
1643 2906 1746 2985 qui
1804 2905 1963 2984 apud
2012 2925 2114 2966 eos
2154 2904 2554 2977 versabantur,

345 3004 566 3083 quibus
590 3005 856 3065 Romana
884 3003 1078 3064 notior
1105 3002 1290 3064 virtus
1317 3012 1462 3075 erat,
1511 3002 1760 3063 consilio
1801 3011 1979 3083 atque
2006 2995 2263 3075 hortatu,
2307 3000 2554 3065 desertis

346 3101 592 3165 urbibus
636 3121 773 3161 cum
823 3099 1072 3161 fortunis
1114 3100 1233 3161 suis
1281 3101 1557 3165 omnibus
1585 3101 1642 3160 in
1672 3099 2018 3163 solitudines
2044 3120 2116 3160 ac
2144 3100 2421 3161 silvarum
2467 3100 2558 3161 in·

342 3199 561 3261 teriora
611 3198 1015 3277 confugerant.
1098 3198 1299 3259 Caesar
1325 3199 1439 3263 boc
1488 3198 1716 3278 pridem
1755 3198 1985 3258 tardum
2033 3206 2093 3257 et
2138 3196 2373 3258 difficile
2421 3199 2557 3263 belli

344 3317 531 3378 geum
556 3306 853 3376 expertus,
880 3306 941 3357 et
967 3299 1102 3376 plus
1131 3295 1293 3356 taedii
1331 3296 1465 3355 ⁹⁵iis
1494 3315 1671 3376 quam
1701 3294 1962 3376 periculi,
2007 3304 2235 3372 tempus
2277 3294 2558 3357 inutiliter

346 3414 465 3457 non
512 3392 899 3457 “tenendam
927 3396 1145 3467 statuit.
1231 3394 1583 3457 Pervastatis
1611 3413 1751 3472 ergo
1780 3392 1917 3453 vicis
1957 3391 2247 3470 rebusque
2278 3392 2555 3465 hostium.

349 3513 471 3572 quo
500 3492 593 3553 vel
616 3491 833 3555 ferrum
861 3492 1055 3573 potuit
1082 3493 1174 3552 vel
1224 3490 1460 3553 flamma
1485 3492 1833 3571 pertingere,
1860 3489 1938 3549 ad
1968 3489 2179 3560 Ubios,
2224 3489 2340 3549 hoc
2362 3498 2452 3549 est
2475 3489 2555 3552 ab

348 3590 624 3657 hostibus
670 3590 745 3649 ad
785 3590 1007 3649 amicos
1052 3588 1279 3650 transiit
1323 3597 1665 3668 expectatus
1718 3597 1896 3667 atque
1943 3596 2215 3666 optatus:
2260 3584 2404 3645 ⁹⁷ad
2456 3605 2559 3649 eos

354 3706 490 3749 vero
539 3707 765 3749 moram
808 3688 1064 3759 trahens,
1106 3687 1481 3767 propositum
1528 3696 1591 3747 et
1639 3685 1886 3747 consilia
1930 3686 2255 3745 Suevorum
2302 3683 2557 3745 didicit:

352 3802 425 3845 ea
449 3794 615 3845 erant
643 3783 1079 3863 hujuscemodi.
1158 3788 1429 3865 Accepto
1456 3785 1614 3857 enim
1659 3784 1902 3845 transitu
1945 3784 2363 3853 Romanorum,
2406 3800 2558 3860 quo-

355 3899 483 3941 rum
514 3881 673 3941 fama
716 3882 943 3941 virtutis
984 3881 1113 3960 jam
1142 3891 1361 3942 cuncta
1386 3882 1804 3960 compleverat,
1835 3879 2071 3940 nuutios
2098 3878 2176 3939 ad
2204 3899 2408 3939 omnes
2435 3898 2558 3939 suae

352 3978 545 4058 gentis
572 3978 1039 4058 circumquaque
1078 3978 1130 4017 ⁹⁸
1145 3978 1249 4039 diu
1276 3990 1581 4040 rexerant:
1625 3998 1807 4038 unum
1854 3977 2126 4038 omnibus
2169 3986 2557 4057 praeceptum,

419 4144 483 4191 ⁹1
539 4140 715 4203 Forte,
749 4140 1014 4202 transferre
1042 4146 1242 4193 θεν-92
1294 4143 1456 4208 Lege,
1500 4134 1950 4193 :ariovistum—ss
1984 4141 2168 4203 Forte,
2209 4137 2564 4190 Germania.-

357 4224 425 4273 Μ
454 4222 634 4288 Forte,
661 4224 889 4273 aaziae
922 4223 1236 4289 affecit—96
1276 4224 1453 4291 Forte,
1492 4226 1740 4277 essa—96
1778 4222 1938 4289 Lege,
1977 4224 2369 4273 ‘erumpet
2403 4220 2565 4284 Lege,

360 4304 631 4367 epum—os
663 4304 844 4370 Forte,
859 4304 1156 4358 diram.
