3117 5025
989 423 1118 476 -nu
1159 425 1228 473 c.
1258 422 1483 473 sumo
1529 422 1867 476 cassas.
2322 406 2503 483 Μ

306 565 776 646 repertitium.
859 565 1043 627 Nuu-
1083 568 1142 628 in
1170 568 1272 627 illo
1302 568 1673 647 antiquitatis
1700 577 1838 629 sunt
1870 569 2132 650 vestigia.
2214 571 2377 642 Quin
2406 575 2503 637 vix

271 662 863 744 quadringentorum,
906 682 1198 724 summurn
1247 665 1702 744 quinpntorum
1758 685 2040 729 annorum
2089 677 2322 729 aetatcm
2367 670 2502 733 sert.

299 760 446 821 Nam
475 771 538 820 ut
580 761 852 820 omittam
891 761 1024 832 alia,
1085 762 1348 822 Morinos
1374 762 1520 823 dicit
1562 782 1672 823 suo
1700 772 1966 844 tempore
1996 765 2280 829 mandros
2306 768 2508 848 appel-

301 855 416 927 lan',
437 868 497 916 et
525 860 714 936 Reges
743 858 1078 920 Germaniae
1105 863 1410 922 Caesaresss
1454 861 1591 937 (His
1624 859 1965 923 Dodwellus
1998 850 2292 941 adjungit,
2338 866 2502 945 quod

304 954 445 1031 apud
499 955 658 1013 bime
703 954 1046 1034 scriptorem
1089 968 1485 1018 memorantur
1537 958 1768 1018 Basilea
1814 969 1876 1020 et
1920 962 2263 1022 Constantia
2309 963 2507 1036 urbes,

307 1050 433 1110 urbs
457 1051 682 1111 famosa
724 1052 997 1125 Parisius,
1048 1056 1319 1115 Flundria
1363 1066 1424 1116 et
1475 1057 1838 1131 Hannonis.)
1893 1066 1911 1093 ‘
1935 1059 2146 1138 Neque
2183 1068 2375 1120 tamen
2417 1061 2508 1121 in-

303 1144 496 1224 digens
524 1160 614 1210 est
660 1151 1004 1231 Anouynius
1046 1151 1143 1213 bic
1186 1152 1462 1226 lectione,
1507 1173 1649 1214 cum
1691 1155 1902 1215 multas
1943 1174 2149 1234 graves
2192 1157 2507 1219 sententias

302 1256 581 1325 aspergat,
601 1266 738 1326 quse
770 1247 1046 1310 lectorem
1077 1260 1319 1329 possunt
1343 1252 1602 1323 erudire,
1632 1261 1699 1312 ut
1726 1273 1844 1313 non
1872 1263 1963 1315 est
1990 1255 2049 1314 in
2078 1254 2504 1334 cognoscendis

303 1341 482 1401 causis
506 1362 612 1403 cur
638 1363 892 1423 qua-‚que
919 1357 1086 1423 gesta
1139 1348 1258 1407 sint
1297 1349 1572 1423 obtusus,
1612 1367 1723 1409 nec
1763 1351 1981 1411 inutilis
2022 1359 2126 1412 aut
2173 1351 2504 1431 legentibus

300 1446 393 1497 aut
417 1438 721 1500 edentibus
752 1441 1065 1502 Caesarem.
1157 1445 1294 1505 Nou
1322 1443 1437 1505 fuit
1463 1444 1620 1505 enim
1661 1447 1964 1525 imperitus
2004 1467 2194 1509 rerum
2226 1448 2505 1509 bumana-

301 1552 438 1607 Νη,
493 1557 610 1598 nec
649 1558 760 1617 pro
787 1548 966 1618 captu
1016 1540 1169 1601 illius
1226 1542 1416 1601 aetatis
1453 1541 1751 1615 indoctus,
1781 1545 1999 1624 quippe
2027 1545 2128 1625 qui
2170 1544 2228 1605 in
2275 1546 2504 1625 scriptis

300 1629 576 1695 Tullianis
605 1635 903 1714 praecipue
931 1636 992 1696 in
1023 1636 1298 1715 Epistolis
1346 1637 1423 1697 ad
1452 1638 1718 1699 Atticum
1766 1641 2005 1702 minime
2040 1642 2221 1702 'fuerit
2270 1642 2506 1722 hospes,

297 1748 361 1788 ex
389 1730 604 1809 quibus
630 1750 748 1791 non
777 1752 971 1812 pauca
994 1734 1296 1814 excerpsit,
1323 1755 1464 1815 quae
1487 1734 1718 1795 faciunt
1735 1738 1808 1797 sd
1839 1740 1874 1801 J
1880 1737 2059 1798 ulium
2088 1740 2381 1799 Caessrem
2402 1740 2509 1801 de}-

297 1824 668 1903 rendendum,
682 1850 860 1910 quem
879 1831 1206 1893 admiratur
1215 1833 1409 1904 unice,
1425 1833 1579 1894 etad
1595 1832 1911 1895 refellenda
1926 1852 2318 1916 quaecumque
2336 1837 2395 1896 iu
2406 1838 2505 1899 illo

297 1925 783 1999 criminabantur!
857 1931 1005 1990 Haec
1047 1930 1161 1991 ille.
1206 1932 1339 1993 Jac.
1387 1930 1733 1992 Sirmondus
1774 1931 1835 1991 in
1873 1933 2025 1993 notis
2054 1931 2131 1993 ad
2172 1934 2507 1995 Ennodiurn

299 2039 355 2098 p.
383 2032 479 2092 78.
509 2026 876 2099 testutur,ad
907 2027 1131 2087 calcem
1162 2026 1382 2087 codicis
1397 2025 1665 2087 Vaticani
1689 2047 1927 2107 quoque
1948 2028 2193 2090 Coesaris
2221 2028 2506 2091 librorum

299 2119 646 2200 ascriptum:
710 2133 726 2155 ⁶
754 2123 950 2184 Julius
1007 2123 1215 2184 Celsus
1265 2124 1682 2184 Constantinus
1739 2126 1815 2184 V.
1860 2127 1932 2186 C.
1991 2125 2149 2205 legi?
2219 2134 2236 2161 ‘
2268 2127 2506 2189 Flavius

298 2215 549 2279 Licet-ius
597 2220 887 2283 Firminus
916 2221 1243 2300 Lupicinus
1283 2222 1442 2302 legi!
1509 2222 1924 2302 observatque
1954 2222 2304 2301 Lupicinum
2343 2224 2506 2287 bunc

298 2311 465 2376 fuisse
491 2317 809 2396 Euprepiae
836 2317 1050 2378 sororis
1079 2318 1332 2378 Ennodii
1361 2318 1648 2399 Episcopi
1675 2319 2011 2380 Ticinensis
2044 2318 2250 2393 filium,
2280 2320 2507 2382 clarum

298 2410 399 2471 sub
423 2411 587 2473 initia
614 2414 770 2473 sexti
802 2433 838 2473 a
865 2412 983 2475 eh.
1012 2424 1155 2475 nato
1183 2413 1387 2475 seculi.
1471 2416 1603 2476 Nec
1630 2416 1886 2476 loannes
1917 2416 2344 2489 Sariberieusis,
2374 2418 2509 2479 'nec

299 2507 620 2590 Polydorus
646 2511 945 2593 Virgilius,
967 2532 1078 2573 uec
1107 2511 1362 2591 Lipsius,
1392 2513 1641 2574 Caesaris
1670 2514 2123 2575 commentarios
2143 2516 2178 2577 J
2183 2514 2304 2576 ulio
2332 2517 2509 2578 Celso

299 2607 687 2670 attribuerunt
704 2618 985 2690 tanquam
1011 2610 1261 2680 auctori,
1281 2617 1346 2669 ut
1366 2608 1622 2670 traditur
1649 2611 1704 2669 in
1724 2610 2087 2689 Mensgianis
2104 2612 2182 2671 T.
2207 2627 2288 2672 11.
2317 2631 2382 2692 p.
2400 2621 2504 2684 99.

299 2701 519 2766 Priores
537 2707 664 2768 duo
689 2728 765 2768 ne
794 2706 949 2770 Celsi
967 2706 1204 2785 quidem
1232 2706 1591 2766 mentionem
1619 2704 1902 2781 fecerunt,
1933 2705 2162 2783 Lipsius
2192 2707 2395 2767 saltem
2422 2721 2506 2770 Π.

299 2809 356 2869 7.
394 2803 657 2876 Elector.
690 2813 936 2866 testatus
961 2813 1070 2877 est,
1104 2825 1166 2865 se
1192 2803 1253 2864 in
1284 2803 1731 2864 Commentariis
1773 2803 2022 2864 Caessris
2049 2820 2207 2882 saepe
2244 2821 2508 2882 quaerere

295 2897 604 2975 Caesarem,
632 2913 692 2962 et
718 2905 932 2964 multos
952 2903 1012 2963 in
1032 2903 1189 2963 illam
1212 2903 1527 2981 purpuram
1557 2920 1785 2982 pannos
1815 2899 2045 2960 insutos
2068 2919 2130 2959 se
2151 2899 2366 2972 videre,
2396 2921 2505 2964 uec

293 2994 346 3056 iu
371 2996 634 3060 dictione
671 3000 804 3079 ipsa
829 3001 1049 3080 spirare
1077 2999 1304 3079 ubique
1333 2999 1572 3060 nuribus
1600 2999 1718 3060 suis
1745 3016 1947 3058 auram
1975 2997 2155 3068 illam,
2184 3006 2266 3070 et,
2308 3007 2374 3058 ut
2414 2997 2504 3059 sic

293 3093 501 3171 dicam,
545 3106 794 3158 stactam
837 3118 1004 3178 purae
1052 3096 1443 3177 antiquitatis.
1512 3103 1530 3130 ‘
1572 3095 1749 3175 Lege,
1808 3094 2020 3173 relege,
2079 3093 2262 3154 multu
2315 3094 2508 3157 otiosa

295 3195 562 3272 reperies,
605 3194 926 3273 disjuncta,
971 3196 1263 3266 intricata,
1295 3194 1668 3273 interpolata,
1697 3192 1977 3273 repetita:
2030 3201 2094 3252 ut
2121 3192 2507 3254 omnino-non

293 3288 470 3365 absit,
487 3293 637 3372 quin
666 3290 745 3352 ad
763 3292 915 3352 banc
944 3292 1116 3371 prisci
1145 3291 1334 3371 operis
1360 3301 1615 3352 statuam
1641 3290 1875 3350 novella
1889 3275 2089 3368 aliqua
2106 3291 2421 3351 accesserit
2446 3301 2511 3353 et

295 3384 559 3466 impetitu
610 3390 862 3450 manus.'
916 3388 1183 3450 Tantum
1227 3397 1420 3449 autem
1462 3389 1650 3461 abest,
1685 3398 1751 3449 ut
1780 3388 1947 3449 idem
1991 3388 2228 3467 Lipsius
2274 3385 2507 3450 Celsum

295 3481 572 3547 habuerit
589 3505 700 3566 pro
727 3494 969 3547 auctore
999 3486 1266 3548 Caesuris.
1288 3486 1868 3559 commentariorum,
1901 3484 2061 3566 quod
2093 3485 2173 3545 illi
2200 3485 2374 3547 etiarn
2404 3487 2508 3547 tri·

293 3578 488 3643 buitur
529 3584 592 3643 in
631 3583 1030 3663 soeligerinuiz
1076 3602 1185 3662 per
1240 3583 1528 3643 Vassuuos
1571 3564 1862 3654 eunicus,
1915 3590 1980 3642 ut
2036 3582 2235 3660 potius
2278 3582 2384 3642 nb.
2423 3598 2505 3644 u.

293 3675 668 3756 Epistolicar.
718 3679 1114 3759 qurestionum
1160 3698 1294 3760 cap.
1326 3689 1387 3743 2.
1437 3680 1655 3740 refutet
1683 3678 1837 3740 Lud.
1875 3679 2213 3739 Cari-ionem
2256 3678 2336 3738 itu
2378 3695 2508 3738 sen-

213 3793 216 3794 ⁷
294 3773 574 3841 titntcn:
633 3775 775 3837 licet
813 3784 1042 3836 constet
1081 3795 1117 3835 a
1163 3775 1474 3836 Vincentio
1525 3775 1747 3837 Bellov.
1791 3776 1852 3835 in
1895 3775 2149 3854 Speculo
2185 3775 2341 3835 Hist.
2395 3793 2507 3838 neo

293 3888 409 3931 non
449 3892 488 3933 a
517 3871 810 3934 Guultero
845 3873 1080 3934 Burlaeo
1107 3876 1165 3933 in
1197 3873 1325 3935 vitis
1360 3873 1860 3953 pbilosophorum,
1887 3871 2117 3933 Jacobo
2146 3872 2406 3949 Mangno
2445 3869 2508 3931 iu

294 3966 687 4049 Sopbologio,
717 3979 776 4029 et
807 3969 1054 4029 Alberto
1081 3969 1273 4051 Eybio
1307 3969 1634 4050 margaritas
1675 3968 1927 4049 poeticae
1967 3977 2229 4039 auctore,
2248 3966 2507 4030 Caesaris

293 4064 546 4128 subinde
597 4066 777 4127 verba
821 4065 981 4128 Celsi
1036 4068 1273 4127 nomine
1309 4066 1497 4127 citari.
1564 4073 1583 4100 ‘
1612 4065 1775 4137 Quin
1821 4065 2012 4126 Julius
2054 4065 2264 4144 uliquis
2299 4064 2513 4127 Celsus

293 4179 501 4230 manus
525 4164 789 4226 attulerit
812 4162 1053 4236 Caesari,
1082 4161 1361 4244 quaedum
1388 4162 1681 4239 reciderit,
1707 4160 2021 4234 addiderit,
2040 4160 2315 4241 quedam
2335 4163 2510 4228 inter·

626 4294 656 4344 ι
677 4291 978 4348 Bernartius
999 4292 1223 4348 nonen
1241 4293 1378 4348 uotis
1396 4292 1468 4347 ad
1487 4293 1802 4362 Menaglsna
1819 4292 1881 4345 Τ.
1904 4305 1983 4345 tv.
2004 4306 2061 4360 p.
2080 4295 2164 4346 80.
