3117 5025
595 393 769 461 1772
1236 412 1297 461 J.
1345 410 1557 460 causi
1606 412 2141 462 cosmawmnu

593 560 989 642 desperationi
1036 572 1213 643 atque
1258 563 1554 625 obsidioni
1604 585 1724 624 non
1770 561 2100 626 absimilem
2148 559 2555 629 numerabant.
2660 570 2796 630 Non

590 661 823 737 ³abesse
849 662 1001 722 enim
1033 661 1273 722 timendi
1294 681 1532 723 causam
1561 664 1760 735 ullam,
1791 665 2117 746 propinquo
2141 667 2396 740 Caesare,
2425 666 2596 727 salvis
2628 664 2803 742 legioae

591 758 785 831 nibus,
811 759 1037 833 integro
1066 761 1333 837 equitatu
1347 783 1364 833 3
1411 761 1701 839 victisque
1731 761 1950 840 ubique
1978 763 2249 824 hostibus
2288 745 2360 824 ad
2402 763 2697 843 dissipatis
2739 772 2799 823 et

592 875 719 939 prae
748 857 954 918 timore
983 858 1294 918 latentibus
1336 878 1655 937 parumper
1682 869 1742 918 et
1779 872 2143 939 praeeeptum
2171 862 2339 923 ducis
2366 862 2697 931 inflexerat3
2741 872 2799 921 et

590 955 865 1036 *appetni
915 957 1155 1015 militum
1206 955 1386 1016 fraena
1434 957 1757 1017 laxaverat:
1802 968 1862 1019 et
1908 959 2167 1038 quinque
2198 961 2471 1021 cohortes
2500 961 2556 1020 in
2586 959 2803 1019 vicinas

594 1066 818 1134 segetes
844 1052 1265 1114 frumentatum
1304 1074 1421 1115 non
1451 1065 1570 1114 tam
1601 1057 1836 1116 miserat
1867 1077 2040 1136 quam
2073 1059 2153 1118 ire
2181 1060 2552 1137 permiserat:
2600 1068 2803 1118 secuta

591 1163 717 1213 erat
756 1153 957 1232 ingens
989 1154 1072 1212 vis
1100 1153 1396 1224 calonum,
1423 1164 1485 1213 et
1533 1153 1941 1229 hujuscemodi
1986 1157 2213 1234 generis
2255 1157 2577 1216 hominum:
2622 1165 2684 1215 et
2713 1154 2803 1215 Si·

594 1251 820 1311 cambri
846 1251 1078 1311 interim
1107 1251 1264 1330 (quis
1292 1263 1434 1311 tunc
1462 1271 1565 1310 eos
1594 1261 1990 1330 expectasset3
2027 1253 2137 1312 ‘sed
2179 1274 2378 1333 parere
2406 1252 2801 1333 superioribus

593 1343 787 1414 tutum
816 1358 906 1408 est
921 1353 964 1422 z)
990 1348 1288 1426 improvisi
1307 1359 1363 1408 et
1396 1349 1535 1408 tecti
1564 1348 1721 1407 silvis
1740 1348 1815 1407 ad
1846 1358 2034 1409 castra
2058 1351 2405 1428 perveniunt
2416 1374 2432 1423 ;
2478 1369 2666 1429 eaque
2689 1370 2803 1410 non

592 1466 958 1528 oppugnare,
1003 1446 1107 1505 sed
1141 1458 1297 1505 recta
1348 1444 1441 1504 via
1467 1444 1795 1523 eodemque
1823 1465 1948 1524 quo
1993 1457 2265 1506 venerant
2315 1447 2544 1527 impetu
2590 1448 2803 1508 intrare

595 1545 948 1604 moliuntur:
991 1554 1331 1623 tantamque
1386 1542 1761 1603 formidinem
1818 1542 2044 1623 inopini
2102 1544 2285 1604 hostis
2338 1546 2607 1605 incursus
2666 1545 2803 1606 totis

594 1642 800 1703 castris
829 1641 1148 1712 infuderat,
1189 1652 1255 1700 ut
1302 1642 1398 1701 vix
1448 1651 1635 1721 portae
1688 1641 2166 1714 defenderentur,
2194 1654 2253 1703 et
2301 1642 2679 1721 frequentare
2708 1643 2804 1702 illa

597 1739 750 1799 soliti
775 1749 1145 1811 mercatores,
1169 1740 1270 1819 qui
1302 1750 1426 1800 tum
1447 1740 1600 1798 forte
1628 1738 1817 1818 portis
1836 1734 2224 1813 excesserant,
2247 1740 2438 1800 subita
2463 1761 2524 1800 re
2544 1741 2726 1800 territi
2747 1750 2806 1800 et

594 1837 883 1918 oppressi,
912 1859 1019 1899 nec
1051 1837 1335 1918 fugiendi,
1366 1857 1476 1897 nec
1505 1858 1568 1896 se
1597 1836 1746 1896 intra
1785 1836 2000 1897 vallum
2031 1835 2316 1898 referendi
2343 1839 2596 1917 spatium
2628 1839 2804 1900 liabe-

592 1946 742 2007 rent,
772 1953 1003 2014 semper
1030 1935 1270 2015 quidem
1301 1933 1704 1995 moestissimns
1734 1944 1897 1993 vates
1928 1933 2103 1995 timor
2130 1935 2325 1995 omnia
2372 1932 2484 1996 sibi
2531 1937 2715 1996 tristia
2743 1946 2804 1996 et

594 2032 931 2111 periculosa
968 2032 1249 2112 fingebat.
1334 2032 1590 2103 Quidam
1620 2032 1760 2092 fusis
1791 2032 1983 2111 copiis
2010 2051 2080 2091 ac
2110 2013 2341 2106 deletis,
2370 2049 2430 2094 et
2457 2034 2806 2113 imperatore

594 2130 993 2209 pessumdato,
1023 2133 1078 2210 [t
1100 2130 1200 2209 13]
1228 2131 1420 2191 venire
1451 2130 1735 2190 barbaros
1764 2129 1837 2190 ad
1867 2130 2141 2210 reliquias
2169 2131 2622 2193 consumendas:
2665 2153 2808 2193 nun-

595 2247 776 2306 quam
830 2230 1001 2289 aliter
1052 2229 1165 2289 hoc
1219 2248 1503 2311 ausuros..
1599 2229 1720 2289 Alii
1765 2228 2091 2289 infaustum
2142 2231 2423 2291 Romanis
2474 2231 2806 2310 legionibus

595 2327 795 2386 locum
845 2346 992 2399 esse,
1042 2326 1143 2386 ubi
1192 2325 1374 2405 paulo
1415 2336 1551 2387 ante
1602 2326 1756 2406 legio
1804 2326 1988 2387 altera
2032 2327 2327 2407 legatique.
2363 2328 2664 2408 perierint:
2711 2329 2806 2390 alii

596 2424 798 2486 hostes
828 2423 976 2483 intra
1002 2424 1217 2488 vallum
1248 2444 1375 2484 esse
1396 2435 1458 2485 et
1487 2437 1662 2506 capta
1683 2423 1811 2503 jam
1842 2438 2034 2486 castra
2062 2426 2398 2488 vociferari:
2430 2446 2604 2488 nemo
2633 2427 2805 2489 ullam

599 2523 787 2583 solitoe
817 2524 1048 2583 virtutis
1074 2524 1380 2602 imaginem
1405 2534 1507 2583 aut
1534 2536 1675 2583 actu
1704 2522 1841 2582 forti
1871 2535 1972 2583 aut
2002 2524 2220 2595 animo,
2240 2534 2345 2585 aut
2369 2524 2631 2586 animosa
2661 2545 2808 2599 ‚voce

597 2620 990 2702 praetendere:
1036 2623 1150 2685 huc
1198 2621 1337 2683 illue
1387 2622 1508 2681 sine
1557 2622 1762 2681 ordine
1806 2621 1929 2679 sine
1969 2622 2195 2681 ratione
2223 2621 2584 2684 discurritur.
2670 2625 2807 2693 Qua

596 2706 992 2799 trepidatione
1048 2720 1335 2779 Sicambri
1392 2720 1481 2779 sui
1533 2720 1703 2780 ducis
1773 2719 1940 2778 dicto
1997 2718 2328 2799 ‘magisque
2383 2719 2525 2780 fidei
2595 2722 2809 2782 babere

599 2826 920 2896 coeperant,
951 2819 1177 2878 nullum
1201 2817 1358 2878 intus
1389 2839 1512 2879 esse
1542 2817 1903 2897 praesidium,
1933 2838 2116 2897 seque
2144 2830 2351 2879 mutuo
2379 2818 2711 2891 incitantes,
2737 2838 2808 2880 eo

596 2917 791 2977 acrius
820 2916 1209 2976 insultabant:
1253 2927 1456 2977 actum
1487 2926 1635 2989 erat,
1686 2915 1747 2975 ui
1776 2916 1861 2975 vir
1909 2935 2077 2989 unus,
2109 2916 2278 2995 isque
2327 2936 2499 2997 aeger,
2530 2918 2810 2991 affuisset,

603 3039 783 3097 quem
836 3037 1013 3097 supra
1060 3017 1501 3090 nominavimus,
1548 3016 1798 3077 Publius
1843 3016 2077 3077 Sextius
2126 3017 2400 3089 Baculus,
2450 3028 2615 3078 tanta
2667 3030 2810 3079 tunc

595 3134 840 3194 pressus
884 3114 1248 3193 aegritudine,
1300 3126 1365 3175 ut
1402 3114 1533 3192 jam
1577 3117 1841 3197 quinque
1891 3116 2103 3177 diebus
2153 3115 2276 3176 sine
2323 3115 2709 3195 cibo-ageret
2752 3127 2812 3178 et

596 3213 809 3273 morbo
839 3211 1010 3273 simul
1037 3223 1098 3273 et
1138 3213 1335 3273 inedia
1366 3213 1495 3290 jam
1525 3213 1754 3275 vicinus
1783 3217 1988 3277 morti:
2036 3213 2139 3281 sed
2170 3233 2512 3293 generosum
2554 3216 2813 3275 animum

599 3311 759 3371 nulla
787 3330 876 3371 res
905 3309 1161 3389 dejecit:
1205 3312 1253 3370 is
1295 3323 1358 3371 ut
1388 3310 1546 3371 videt
1577 3312 1759 3373 deseri
1804 3317 2046 3376 tutelam
2092 3324 2417 3373 castrorum
2462 3324 2520 3373 et
2569 3311 2814 3391 defuga

594 3430 716 3471 non
745 3412 819 3471 de
847 3410 1061 3471 virtute
1089 3412 1367 3491 cogitari;
1411 3432 1655 3493 remque
1682 3415 1740 3474 in
1785 3426 2033 3496 angusto
2062 3415 2316 3496 positam
2343 3424 2568 3485 nutare,
2599 3423 2658 3473 et
2688 3433 2811 3473 suae

598 3519 661 3570 et
689 3508 947 3589 publicae
990 3520 1251 3570 metuens
1295 3511 1483 3585 saluti,
1515 3512 1702 3592 surgit
1729 3535 1762 3573 e
1807 3512 2180 3595 ⁶grabaculo,
2211 3515 2299 3575 ira
2340 3514 2487 3573 vires
2515 3512 2712 3581 dante,
2753 3520 2817 3571 et

596 3608 868 3689 :ecquis
896 3608 974 3668 ab
1002 3607 1184 3668 obvio
1222 3609 1482 3688 quodam
1534 3610 1735 3684 armis,
1762 3612 1943 3691 gradu
1991 3611 2240 3672 tremulo
2284 3619 2510 3691 portam
2554 3617 2816 3685 occupat

602 3716 927 3767 castrorum
961 3725 1140 3785 seque
1178 3708 1574 3769 semianimem
1626 3709 1895 3771 hostibus
1941 3710 2207 3788 ⁷abjicit:
2254 3717 2582 3786 sequuntur
2609 3716 2818 3767 centu-

602 3804 796 3866 riones
823 3806 933 3864 viri
980 3804 1166 3866 sortes
1215 3805 1460 3885 aliquot,
1494 3807 1632 3865 hinc
1682 3819 1861 3875 metu,
1894 3807 2028 3867 binc
2077 3804 2305 3884 pudore
2334 3806 2539 3865 exciti:
2588 3806 2816 3883 hosque

602 3902 705 3961 alii
753 3913 1108 3980 sequuntur:
1156 3902 1235 3963 ita
1290 3905 1501 3963 sensim
1557 3922 1754 3983 pugna
1810 3906 2160 3974 restituitur3
2207 3904 2333 3982 ipse
2392 3914 2525 3981 post
2572 3903 2811 3980 [mulum

608 3999 908 4060 8audiendi
937 4001 1208 4079 inceptor
1255 4012 1313 4060 et
1342 4001 1463 4061 dux
1492 4002 1746 4076 Sextius,
1792 4006 2002 4064 morbo
2046 4003 2263 4065 additis
2314 4003 2648 4064 vulneribus
2685 4001 2813 4079 jam

514 4272 520 4277 ⁴
671 4217 702 4263 3
738 4213 913 4276 Forte,
945 4214 1223 4267 adeam—4
1273 4214 1451 4279 Forte,
1489 4215 1837 4279 appetita—5
1873 4216 2031 4281 Puto,
2068 4215 2225 4280 magis
2262 4215 2620 4280 magisque—6
2655 4213 2818 4277 Lege,

605 4294 971 4357 grabatum—7
1007 4295 1169 4359 Lege,
1192 4295 1477 4356 obiitin-8
1508 4297 1668 4360 Lege,
1689 4295 1907 4359 audendi.
2004 4334 2019 4348 .
