<?xml version="1.0" encoding="UTF-8"?>
<!DOCTYPE html PUBLIC "-//W3C//DTD XHTML 1.0 Transitional//EN"
    "http://www.w3.org/TR/xhtml1/DTD/xhtml1-transitional.dtd">
<html xmlns="http://www.w3.org/1999/xhtml" xml:lang="en" lang="en">
 <head>
  <title>
</title>
<meta http-equiv="Content-Type" content="text/html;charset=utf-8" />
  <meta name='ocr-system' content='tesseract 3.04.00' />
  <meta name='ocr-capabilities' content='ocr_page ocr_carea ocr_par ocr_line ocrx_word'/>
</head>
<body>
  <div class='ocr_page' id='page_1' title='image "./cjuliicaesariso00caesgoog/cjuliicaesariso00caesgoog_0037.png"; bbox 0 0 3117 5025; ppageno 0'>
   <div class='ocr_carea' id='block_1_1' title="bbox 917 376 2510 460">
    <p class='ocr_par' dir='ltr' id='par_1_1' title="bbox 917 376 2510 460">
     <span class='ocr_line' id='line_1_1' title="bbox 917 376 2510 460; baseline 0.001 -16"><span class='ocrx_word' id='word_1_1' title='bbox 917 393 1018 444; x_wconf 78' lang='lat' dir='ltr'><strong>nn</strong></span> <span class='ocrx_word' id='word_1_2' title='bbox 1061 391 1241 443; x_wconf 59' lang='lat' dir='ltr'><strong>vrrs</strong></span> <span class='ocrx_word' id='word_1_3' title='bbox 1287 389 1493 443; x_wconf 70' lang='lat' dir='ltr'><strong>sumt</strong></span> <span class='ocrx_word' id='word_1_4' title='bbox 1541 389 1896 460; x_wconf 53' lang='lat' dir='ltr'><strong>crassata.</strong></span> <span class='ocrx_word' id='word_1_5' title='bbox 2337 376 2510 446; x_wconf 76' lang='lat'>1⁷⁰9</span> 
     </span>
    </p>
   </div>
   <div class='ocr_carea' id='block_1_2' title="bbox 306 542 2540 4225">
    <p class='ocr_par' dir='ltr' id='par_1_2' title="bbox 306 542 2540 4225">
     <span class='ocr_line' id='line_1_2' title="bbox 306 542 2511 627; baseline 0.003 -22"><span class='ocrx_word' id='word_1_6' title='bbox 306 543 527 609; x_wconf 73' lang='lat' dir='ltr'><strong>faceret</strong></span> <span class='ocrx_word' id='word_1_7' title='bbox 551 562 726 625; x_wconf 83' lang='lat' dir='ltr'><strong>posse</strong></span> <span class='ocrx_word' id='word_1_8' title='bbox 745 542 1063 605; x_wconf 76' lang='lat' dir='ltr'><strong>amicitiam</strong></span> <span class='ocrx_word' id='word_1_9' title='bbox 1081 543 1228 604; x_wconf 87' lang='lat' dir='ltr'><strong>inter</strong></span> <span class='ocrx_word' id='word_1_10' title='bbox 1240 563 1375 604; x_wconf 90' lang='lat' dir='ltr'><strong>eum</strong></span> <span class='ocrx_word' id='word_1_11' title='bbox 1399 545 1818 626; x_wconf 85' lang='lat' dir='ltr'><strong>Romanosque</strong></span> <span class='ocrx_word' id='word_1_12' title='bbox 1838 547 2196 616; x_wconf 60' lang='lat' dir='ltr'><strong>consistere..</strong></span> <span class='ocrx_word' id='word_1_13' title='bbox 2223 546 2511 627; x_wconf 81' lang='lat' dir='ltr'><strong>Alioquin</strong></span> 
     </span>
     <span class='ocr_line' id='line_1_3' title="bbox 308 631 2520 725; baseline 0.002 -22"><span class='ocrx_word' id='word_1_14' title='bbox 308 643 584 723; x_wconf 88' lang='lat' dir='ltr'><strong>quoniam</strong></span> <span class='ocrx_word' id='word_1_15' title='bbox 612 631 695 703; x_wconf 85' lang='lat' dir='ltr'><strong>ita</strong></span> <span class='ocrx_word' id='word_1_16' title='bbox 722 643 974 708; x_wconf 80' lang='lat' dir='ltr'><strong>,Senatus</strong></span> <span class='ocrx_word' id='word_1_17' title='bbox 996 643 1278 710; x_wconf 81' lang='lat' dir='ltr'><strong>,consulto</strong></span> <span class='ocrx_word' id='word_1_18' title='bbox 1304 651 1548 703; x_wconf 87' lang='lat' dir='ltr'><strong>cautum</strong></span> <span class='ocrx_word' id='word_1_19' title='bbox 1573 653 1745 718; x_wconf 84' lang='lat' dir='ltr'><strong>esset,</strong></span> <span class='ocrx_word' id='word_1_20' title='bbox 1769 664 1889 704; x_wconf 91' lang='lat' dir='ltr'><strong>non</strong></span> <span class='ocrx_word' id='word_1_21' title='bbox 1932 665 1992 705; x_wconf 86' lang='lat' dir='ltr'><strong>se</strong></span> <span class='ocrx_word' id='word_1_22' title='bbox 2018 649 2192 725; x_wconf 78' lang='lat' dir='ltr'><strong>posse</strong></span> <span class='ocrx_word' id='word_1_23' title='bbox 2220 645 2520 708; x_wconf 73' lang='lat' dir='ltr'><strong>sociorum</strong></span> 
     </span>
     <span class='ocr_line' id='line_1_4' title="bbox 306 738 2515 830; baseline 0.004 -31"><span class='ocrx_word' id='word_1_24' title='bbox 306 738 551 830; x_wconf 77' lang='lat' dir='ltr'><strong>injurias</strong></span> <span class='ocrx_word' id='word_1_25' title='bbox 580 739 919 819; x_wconf 77' lang='lat' dir='ltr'><strong>negligerez&#39;</strong></span> <span class='ocrx_word' id='word_1_26' title='bbox 966 740 1103 800; x_wconf 87' lang='lat' dir='ltr'><strong>huic</strong></span> <span class='ocrx_word' id='word_1_27' title='bbox 1132 739 1403 819; x_wconf 78' lang='lat' dir='ltr'><strong>legationi</strong></span> <span class='ocrx_word' id='word_1_28' title='bbox 1435 739 1514 798; x_wconf 90' lang='lat' dir='ltr'><strong>nil</strong></span> <span class='ocrx_word' id='word_1_29' title='bbox 1540 741 1828 819; x_wconf 71' lang='lat' dir='ltr'><strong>placatius</strong></span> <span class='ocrx_word' id='word_1_30' title='bbox 1865 743 2229 822; x_wconf 81' lang='lat' dir='ltr'><strong>respondens</strong></span> <span class='ocrx_word' id='word_1_31' title='bbox 2249 744 2515 808; x_wconf 77' lang='lat' dir='ltr'><strong>Ariovis-</strong></span> 
     </span>
     <span class='ocr_line' id='line_1_5' title="bbox 308 837 2516 921; baseline 0.001 -21"><span class='ocrx_word' id='word_1_32' title='bbox 308 848 426 911; x_wconf 79' lang='lat' dir='ltr'><strong>tus,</strong></span> <span class='ocrx_word' id='word_1_33' title='bbox 473 845 493 872; x_wconf 87' lang='lat'>‘</span> <span class='ocrx_word' id='word_1_34' title='bbox 513 859 835 919; x_wconf 79' lang='lat' dir='ltr'><strong>numquam</strong></span> <span class='ocrx_word' id='word_1_35' title='bbox 865 860 927 900; x_wconf 88' lang='lat' dir='ltr'><strong>se</strong></span> <span class='ocrx_word' id='word_1_36' title='bbox 959 837 1242 902; x_wconf 83' lang='lat' dir='ltr'><strong>Romanis</strong></span> <span class='ocrx_word' id='word_1_37' title='bbox 1282 838 1656 918; x_wconf 86' lang='lat' dir='ltr'><strong>imperitandi</strong></span> <span class='ocrx_word' id='word_1_38' title='bbox 1698 840 1884 918; x_wconf 80' lang='lat' dir='ltr'><strong>legem</strong></span> <span class='ocrx_word' id='word_1_39' title='bbox 1925 841 2364 921; x_wconf 76' lang='lat' dir='ltr'><strong>ptaescripsisse&#39;-</strong></span> <span class='ocrx_word' id='word_1_40' title='bbox 2408 842 2516 908; x_wconf 50' lang='lat' dir='ltr'><strong>aits</strong></span> 
     </span>
     <span class='ocr_line' id='line_1_6' title="bbox 312 936 2514 1017; baseline 0.001 -19"><span class='ocrx_word' id='word_1_41' title='bbox 312 937 492 998; x_wconf 79' lang='lat' dir='ltr'><strong>‘Non</strong></span> <span class='ocrx_word' id='word_1_42' title='bbox 518 957 659 1015; x_wconf 89' lang='lat' dir='ltr'><strong>ergo</strong></span> <span class='ocrx_word' id='word_1_43' title='bbox 687 957 923 1017; x_wconf 85' lang='lat' dir='ltr'><strong>aequum</strong></span> <span class='ocrx_word' id='word_1_44' title='bbox 954 958 1083 997; x_wconf 86' lang='lat' dir='ltr'><strong>esse</strong></span> <span class='ocrx_word' id='word_1_45' title='bbox 1128 936 1239 998; x_wconf 83' lang='lat' dir='ltr'><strong>sibi</strong></span> <span class='ocrx_word' id='word_1_46' title='bbox 1280 937 1435 1017; x_wconf 86' lang='lat' dir='ltr'><strong>leges</strong></span> <span class='ocrx_word' id='word_1_47' title='bbox 1477 957 1514 996; x_wconf 92' lang='lat' dir='ltr'><strong>a</strong></span> <span class='ocrx_word' id='word_1_48' title='bbox 1560 938 2093 999; x_wconf 84' lang='lat' dir='ltr'><strong>Romanis·statui:</strong></span> <span class='ocrx_word' id='word_1_49' title='bbox 2138 949 2199 999; x_wconf 88' lang='lat' dir='ltr'><strong>et</strong></span> <span class='ocrx_word' id='word_1_50' title='bbox 2227 959 2333 1000; x_wconf 89' lang='lat' dir='ltr'><strong>suo</strong></span> <span class='ocrx_word' id='word_1_51' title='bbox 2374 939 2514 1015; x_wconf 81' lang='lat' dir='ltr'><strong>jure</strong></span> 
     </span>
     <span class='ocr_line' id='line_1_7' title="bbox 311 1033 2515 1116; baseline 0.002 -23"><span class='ocrx_word' id='word_1_52' title='bbox 311 1053 539 1112; x_wconf 84' lang='lat' dir='ltr'><strong>suoque</strong></span> <span class='ocrx_word' id='word_1_53' title='bbox 574 1034 710 1094; x_wconf 89' lang='lat' dir='ltr'><strong>illos</strong></span> <span class='ocrx_word' id='word_1_54' title='bbox 737 1035 982 1095; x_wconf 85' lang='lat' dir='ltr'><strong>arbitrio</strong></span> <span class='ocrx_word' id='word_1_55' title='bbox 1010 1035 1148 1096; x_wconf 90' lang='lat' dir='ltr'><strong>belli</strong></span> <span class='ocrx_word' id='word_1_56' title='bbox 1174 1045 1345 1115; x_wconf 86' lang='lat' dir='ltr'><strong>parta</strong></span> <span class='ocrx_word' id='word_1_57' title='bbox 1374 1033 1693 1098; x_wconf 88' lang='lat' dir='ltr'><strong>moderari:</strong></span> <span class='ocrx_word' id='word_1_58' title='bbox 1736 1045 1799 1097; x_wconf 91' lang='lat' dir='ltr'><strong>et</strong></span> <span class='ocrx_word' id='word_1_59' title='bbox 1823 1036 1950 1115; x_wconf 86' lang='lat' dir='ltr'><strong>ipse</strong></span> <span class='ocrx_word' id='word_1_60' title='bbox 1977 1056 2078 1097; x_wconf 87' lang='lat' dir='ltr'><strong>cur</strong></span> <span class='ocrx_word' id='word_1_61' title='bbox 2105 1056 2219 1100; x_wconf 86' lang='lat' dir='ltr'><strong>non</strong></span> <span class='ocrx_word' id='word_1_62' title='bbox 2248 1056 2357 1097; x_wconf 84' lang='lat' dir='ltr'><strong>suo</strong></span> <span class='ocrx_word' id='word_1_63' title='bbox 2374 1038 2515 1116; x_wconf 79' lang='lat' dir='ltr'><strong>jure</strong></span> 
     </span>
     <span class='ocr_line' id='line_1_8' title="bbox 312 1131 2520 1214; baseline 0.004 -22"><span class='ocrx_word' id='word_1_64' title='bbox 312 1131 398 1192; x_wconf 84' lang='lat' dir='ltr'><strong>uti</strong></span> <span class='ocrx_word' id='word_1_65' title='bbox 424 1131 614 1211; x_wconf 88' lang='lat' dir='ltr'><strong>possit</strong></span> <span class='ocrx_word' id='word_1_66' title='bbox 641 1131 696 1191; x_wconf 91' lang='lat' dir='ltr'><strong>in</strong></span> <span class='ocrx_word' id='word_1_67' title='bbox 728 1133 950 1193; x_wconf 76' lang='lat' dir='ltr'><strong>victos&#39;l</strong></span> <span class='ocrx_word' id='word_1_68' title='bbox 991 1132 1134 1194; x_wconf 88' lang='lat' dir='ltr'><strong>Jura</strong></span> <span class='ocrx_word' id='word_1_69' title='bbox 1162 1133 1291 1194; x_wconf 82' lang='lat' dir='ltr'><strong>haec</strong></span> <span class='ocrx_word' id='word_1_70' title='bbox 1324 1154 1448 1195; x_wconf 85' lang='lat' dir='ltr'><strong>esse</strong></span> <span class='ocrx_word' id='word_1_71' title='bbox 1478 1134 1768 1196; x_wconf 87' lang='lat' dir='ltr'><strong>bellorum</strong></span> <span class='ocrx_word' id='word_1_72' title='bbox 1815 1153 1989 1214; x_wconf 79' lang='lat' dir='ltr'><strong>aequa</strong></span> <span class='ocrx_word' id='word_1_73' title='bbox 2015 1135 2286 1213; x_wconf 78' lang='lat' dir='ltr'><strong>gentibus</strong></span> <span class='ocrx_word' id='word_1_74' title='bbox 2330 1135 2520 1202; x_wconf 83' lang='lat' dir='ltr'><strong>omni-.-</strong></span> 
     </span>
     <span class='ocr_line' id='line_1_9' title="bbox 310 1228 2520 1314; baseline 0.002 -25"><span class='ocrx_word' id='word_1_75' title='bbox 310 1228 443 1314; x_wconf 85' lang='lat' dir='ltr'><strong>bus.</strong></span> <span class='ocrx_word' id='word_1_76' title='bbox 532 1229 695 1299; x_wconf 84' lang='lat' dir='ltr'><strong>Quid</strong></span> <span class='ocrx_word' id='word_1_77' title='bbox 738 1229 813 1289; x_wconf 89' lang='lat' dir='ltr'><strong>ad</strong></span> <span class='ocrx_word' id='word_1_78' title='bbox 865 1230 1104 1309; x_wconf 79' lang='lat' dir='ltr'><strong>injurias</strong></span> <span class='ocrx_word' id='word_1_79' title='bbox 1132 1241 1383 1312; x_wconf 80' lang='lat' dir='ltr'><strong>spectet,</strong></span> <span class='ocrx_word' id='word_1_80' title='bbox 1412 1252 1528 1293; x_wconf 88' lang='lat' dir='ltr'><strong>non</strong></span> <span class='ocrx_word' id='word_1_81' title='bbox 1576 1253 1639 1292; x_wconf 90' lang='lat' dir='ltr'><strong>se</strong></span> <span class='ocrx_word' id='word_1_82' title='bbox 1686 1233 1909 1294; x_wconf 87' lang='lat' dir='ltr'><strong>bellum</strong></span> <span class='ocrx_word' id='word_1_83' title='bbox 1937 1233 2122 1294; x_wconf 72' lang='lat' dir='ltr'><strong>mnis</strong></span> <span class='ocrx_word' id='word_1_84' title='bbox 2150 1233 2272 1294; x_wconf 85' lang='lat' dir='ltr'><strong>sine</strong></span> <span class='ocrx_word' id='word_1_85' title='bbox 2318 1251 2520 1312; x_wconf 63' lang='lat' dir='ltr'><strong>causa,</strong></span> 
     </span>
     <span class='ocr_line' id='line_1_10' title="bbox 314 1324 2522 1408; baseline 0.003 -24"><span class='ocrx_word' id='word_1_86' title='bbox 314 1325 430 1386; x_wconf 85' lang='lat' dir='ltr'><strong>hoc</strong></span> <span class='ocrx_word' id='word_1_87' title='bbox 459 1335 553 1386; x_wconf 89' lang='lat' dir='ltr'><strong>est</strong></span> <span class='ocrx_word' id='word_1_88' title='bbox 595 1326 644 1385; x_wconf 87' lang='lat' dir='ltr'><strong>si</strong></span> <span class='ocrx_word' id='word_1_89' title='bbox 689 1324 934 1406; x_wconf 88' lang='lat' dir='ltr'><strong>imperio</strong></span> <span class='ocrx_word' id='word_1_90' title='bbox 964 1338 1223 1408; x_wconf 84' lang='lat' dir='ltr'><strong>pareant,</strong></span> <span class='ocrx_word' id='word_1_91' title='bbox 1252 1329 1570 1402; x_wconf 87' lang='lat' dir='ltr'><strong>illaturum,</strong></span> <span class='ocrx_word' id='word_1_92' title='bbox 1600 1329 1838 1391; x_wconf 88' lang='lat' dir='ltr'><strong>obsides</strong></span> <span class='ocrx_word' id='word_1_93' title='bbox 1861 1331 2230 1394; x_wconf 70' lang='lat' dir='ltr'><strong>⁹‘³’miserrime</strong></span> <span class='ocrx_word' id='word_1_94' title='bbox 2256 1330 2522 1392; x_wconf 81' lang='lat' dir='ltr'><strong>redditu-</strong></span> 
     </span>
     <span class='ocr_line' id='line_1_11' title="bbox 311 1423 2517 1507; baseline 0.002 -26"><span class='ocrx_word' id='word_1_95' title='bbox 311 1442 460 1483; x_wconf 84' lang='lat' dir='ltr'><strong>rum.</strong></span> <span class='ocrx_word' id='word_1_96' title='bbox 549 1424 649 1484; x_wconf 88' lang='lat' dir='ltr'><strong>Sin</strong></span> <span class='ocrx_word' id='word_1_97' title='bbox 699 1423 1008 1503; x_wconf 89' lang='lat' dir='ltr'><strong>imperium</strong></span> <span class='ocrx_word' id='word_1_98' title='bbox 1057 1425 1383 1486; x_wconf 83' lang='lat' dir='ltr'><strong>detrectent</strong></span> <span class='ocrx_word' id='word_1_99' title='bbox 1426 1446 1484 1488; x_wconf 93' lang='lat' dir='ltr'><strong>re</strong></span> <span class='ocrx_word' id='word_1_100' title='bbox 1533 1426 1662 1505; x_wconf 88' lang='lat' dir='ltr'><strong>ipsa</strong></span> <span class='ocrx_word' id='word_1_101' title='bbox 1706 1427 2078 1506; x_wconf 81' lang='lat' dir='ltr'><strong>probaturos,</strong></span> <span class='ocrx_word' id='word_1_102' title='bbox 2121 1428 2262 1507; x_wconf 90' lang='lat' dir='ltr'><strong>qnid</strong></span> <span class='ocrx_word' id='word_1_103' title='bbox 2293 1427 2367 1487; x_wconf 92' lang='lat' dir='ltr'><strong>de</strong></span> <span class='ocrx_word' id='word_1_104' title='bbox 2394 1436 2517 1488; x_wconf 86' lang='lat' dir='ltr'><strong>tam</strong></span> 
     </span>
     <span class='ocr_line' id='line_1_12' title="bbox 312 1518 2519 1601; baseline 0.003 -23"><span class='ocrx_word' id='word_1_105' title='bbox 312 1518 635 1599; x_wconf 85' lang='lat' dir='ltr'><strong>longinquo</strong></span> <span class='ocrx_word' id='word_1_106' title='bbox 676 1521 732 1580; x_wconf 91' lang='lat' dir='ltr'><strong>in</strong></span> <span class='ocrx_word' id='word_1_107' title='bbox 763 1521 873 1581; x_wconf 86' lang='lat' dir='ltr'><strong>illis</strong></span> <span class='ocrx_word' id='word_1_108' title='bbox 901 1522 1087 1601; x_wconf 84' lang='lat' dir='ltr'><strong>prosit</strong></span> <span class='ocrx_word' id='word_1_109' title='bbox 1117 1525 1385 1584; x_wconf 87' lang='lat' dir='ltr'><strong>Romana</strong></span> <span class='ocrx_word' id='word_1_110' title='bbox 1408 1522 1739 1586; x_wconf 79' lang='lat' dir='ltr'><strong>fraternitas</strong></span> <span class='ocrx_word' id='word_1_111' title='bbox 1757 1523 1802 1582; x_wconf 77' lang='lat' dir='ltr'><strong>&#39;l&#39;</strong></span> <span class='ocrx_word' id='word_1_112' title='bbox 1883 1524 2189 1584; x_wconf 87' lang='lat' dir='ltr'><strong>Postremo</strong></span> <span class='ocrx_word' id='word_1_113' title='bbox 2232 1531 2250 1557; x_wconf 88' lang='lat'>‘</span> <span class='ocrx_word' id='word_1_114' title='bbox 2270 1522 2519 1584; x_wconf 87' lang='lat' dir='ltr'><strong>commi·</strong></span> 
     </span>
     <span class='ocr_line' id='line_1_13' title="bbox 315 1618 2522 1699; baseline 0.003 -23"><span class='ocrx_word' id='word_1_115' title='bbox 315 1618 554 1677; x_wconf 89' lang='lat' dir='ltr'><strong>natione</strong></span> <span class='ocrx_word' id='word_1_116' title='bbox 602 1619 871 1679; x_wconf 85' lang='lat' dir='ltr'><strong>Caesarea</strong></span> <span class='ocrx_word' id='word_1_117' title='bbox 917 1620 1060 1679; x_wconf 89' lang='lat' dir='ltr'><strong>nihil</strong></span> <span class='ocrx_word' id='word_1_118' title='bbox 1108 1640 1170 1680; x_wconf 85' lang='lat' dir='ltr'><strong>se</strong></span> <span class='ocrx_word' id='word_1_119' title='bbox 1217 1619 1477 1681; x_wconf 84' lang='lat' dir='ltr'><strong>moveri:</strong></span> <span class='ocrx_word' id='word_1_120' title='bbox 1515 1620 1735 1682; x_wconf 90' lang='lat' dir='ltr'><strong>nullam</strong></span> <span class='ocrx_word' id='word_1_121' title='bbox 1777 1629 2009 1699; x_wconf 83' lang='lat' dir='ltr'><strong>gentem</strong></span> <span class='ocrx_word' id='word_1_122' title='bbox 2057 1620 2134 1680; x_wconf 85' lang='lat' dir='ltr'><strong>ad</strong></span> <span class='ocrx_word' id='word_1_123' title='bbox 2180 1640 2316 1681; x_wconf 91' lang='lat' dir='ltr'><strong>eum</strong></span> <span class='ocrx_word' id='word_1_124' title='bbox 2356 1620 2522 1684; x_wconf 76' lang='lat' dir='ltr'><strong>diem</strong></span> 
     </span>
     <span class='ocr_line' id='line_1_14' title="bbox 318 1715 2522 1780; baseline 0.003 -9"><span class='ocrx_word' id='word_1_125' title='bbox 318 1732 519 1774; x_wconf 87' lang='lat' dir='ltr'><strong>secum</strong></span> <span class='ocrx_word' id='word_1_126' title='bbox 571 1715 695 1775; x_wconf 90' lang='lat' dir='ltr'><strong>sine</strong></span> <span class='ocrx_word' id='word_1_127' title='bbox 744 1736 853 1775; x_wconf 90' lang='lat' dir='ltr'><strong>suo</strong></span> <span class='ocrx_word' id='word_1_128' title='bbox 893 1716 1232 1777; x_wconf 84' lang='lat' dir='ltr'><strong>discrimine</strong></span> <span class='ocrx_word' id='word_1_129' title='bbox 1282 1717 1680 1778; x_wconf 76' lang='lat' dir='ltr'><strong>concurrisse:</strong></span> <span class='ocrx_word' id='word_1_130' title='bbox 1722 1716 2018 1780; x_wconf 88' lang='lat' dir='ltr'><strong>facturum</strong></span> <span class='ocrx_word' id='word_1_131' title='bbox 2070 1737 2129 1778; x_wconf 87' lang='lat' dir='ltr'><strong>se</strong></span> <span class='ocrx_word' id='word_1_132' title='bbox 2176 1716 2394 1778; x_wconf 74' lang='lat' dir='ltr'><strong>Caesari</strong></span> <span class='ocrx_word' id='word_1_133' title='bbox 2445 1736 2522 1778; x_wconf 85' lang='lat' dir='ltr'><strong>ac</strong></span> 
     </span>
     <span class='ocr_line' id='line_1_15' title="bbox 316 1809 2523 1894; baseline 0.002 -25"><span class='ocrx_word' id='word_1_134' title='bbox 316 1809 594 1871; x_wconf 86' lang='lat' dir='ltr'><strong>Romanis</strong></span> <span class='ocrx_word' id='word_1_135' title='bbox 616 1812 887 1891; x_wconf 89' lang='lat' dir='ltr'><strong>quotiens</strong></span> <span class='ocrx_word' id='word_1_136' title='bbox 910 1814 1128 1874; x_wconf 85' lang='lat' dir='ltr'><strong>vellent</strong></span> <span class='ocrx_word' id='word_1_137' title='bbox 1154 1833 1369 1893; x_wconf 82' lang='lat' dir='ltr'><strong>pugnae</strong></span> <span class='ocrx_word' id='word_1_138' title='bbox 1395 1813 1654 1893; x_wconf 81' lang='lat' dir='ltr'><strong>copiam,</strong></span> <span class='ocrx_word' id='word_1_139' title='bbox 1670 1824 2056 1886; x_wconf 84' lang='lat' dir='ltr'><strong>ostensurum,</strong></span> <span class='ocrx_word' id='word_1_140' title='bbox 2079 1813 2223 1894; x_wconf 86' lang='lat' dir='ltr'><strong>quid</strong></span> <span class='ocrx_word' id='word_1_141' title='bbox 2249 1813 2523 1876; x_wconf 83' lang='lat' dir='ltr'><strong>indomiti</strong></span> 
     </span>
     <span class='ocr_line' id='line_1_16' title="bbox 320 1907 2522 1989; baseline 0.005 -23"><span class='ocrx_word' id='word_1_142' title='bbox 320 1907 604 1968; x_wconf 85' lang='lat' dir='ltr'><strong>Germani</strong></span> <span class='ocrx_word' id='word_1_143' title='bbox 631 1908 782 1969; x_wconf 88' lang='lat' dir='ltr'><strong>inter</strong></span> <span class='ocrx_word' id='word_1_144' title='bbox 804 1929 963 1969; x_wconf 89' lang='lat' dir='ltr'><strong>arma</strong></span> <span class='ocrx_word' id='word_1_145' title='bbox 990 1910 1170 1989; x_wconf 87' lang='lat' dir='ltr'><strong>geniti</strong></span> <span class='ocrx_word' id='word_1_146' title='bbox 1198 1920 1259 1971; x_wconf 93' lang='lat' dir='ltr'><strong>et</strong></span> <span class='ocrx_word' id='word_1_147' title='bbox 1286 1909 1508 1980; x_wconf 88' lang='lat' dir='ltr'><strong>nutriti,</strong></span> <span class='ocrx_word' id='word_1_148' title='bbox 1539 1910 1703 1974; x_wconf 86' lang='lat' dir='ltr'><strong>humi</strong></span> <span class='ocrx_word' id='word_1_149' title='bbox 1728 1910 1803 1969; x_wconf 91' lang='lat' dir='ltr'><strong>ad</strong></span> <span class='ocrx_word' id='word_1_150' title='bbox 1833 1910 2077 1972; x_wconf 85' lang='lat' dir='ltr'><strong>imbrem</strong></span> <span class='ocrx_word' id='word_1_151' title='bbox 2095 1919 2181 1971; x_wconf 87' lang='lat' dir='ltr'><strong>·et</strong></span> <span class='ocrx_word' id='word_1_152' title='bbox 2219 1909 2296 1974; x_wconf 77' lang='lat' dir='ltr'><strong>ad</strong></span> <span class='ocrx_word' id='word_1_153' title='bbox 2337 1911 2522 1976; x_wconf 74' lang='lat' dir='ltr'><strong>solem</strong></span> 
     </span>
     <span class='ocr_line' id='line_1_17' title="bbox 311 2003 2526 2085; baseline 0.002 -19"><span class='ocrx_word' id='word_1_154' title='bbox 311 2003 516 2081; x_wconf 83' lang='lat' dir='ltr'><strong>jacere</strong></span> <span class='ocrx_word' id='word_1_155' title='bbox 544 2005 723 2074; x_wconf 88' lang='lat' dir='ltr'><strong>soliti,</strong></span> <span class='ocrx_word' id='word_1_156' title='bbox 774 2007 875 2085; x_wconf 90' lang='lat' dir='ltr'><strong>qui</strong></span> <span class='ocrx_word' id='word_1_157' title='bbox 914 2009 1041 2085; x_wconf 85' lang='lat' dir='ltr'><strong>jam</strong></span> <span class='ocrx_word' id='word_1_158' title='bbox 1091 2007 1293 2068; x_wconf 87' lang='lat' dir='ltr'><strong>multis</strong></span> <span class='ocrx_word' id='word_1_159' title='bbox 1339 2007 1506 2068; x_wconf 87' lang='lat' dir='ltr'><strong>annis</strong></span> <span class='ocrx_word' id='word_1_160' title='bbox 1546 2008 1660 2068; x_wconf 87' lang='lat' dir='ltr'><strong>sub</strong></span> <span class='ocrx_word' id='word_1_161' title='bbox 1702 2015 1863 2069; x_wconf 83' lang='lat' dir='ltr'><strong>tecto</strong></span> <span class='ocrx_word' id='word_1_162' title='bbox 1907 2026 2022 2067; x_wconf 90' lang='lat' dir='ltr'><strong>non</strong></span> <span class='ocrx_word' id='word_1_163' title='bbox 2048 2006 2287 2081; x_wconf 76' lang='lat' dir='ltr'><strong>suerint,</strong></span> <span class='ocrx_word' id='word_1_164' title='bbox 2316 2016 2526 2070; x_wconf 78' lang='lat' dir='ltr'><strong>contra</strong></span> 
     </span>
     <span class='ocr_line' id='line_1_18' title="bbox 321 2104 2523 2188; baseline 0.005 -28"><span class='ocrx_word' id='word_1_165' title='bbox 321 2121 554 2162; x_wconf 87' lang='lat' dir='ltr'><strong>omnem</strong></span> <span class='ocrx_word' id='word_1_166' title='bbox 583 2113 815 2183; x_wconf 86' lang='lat' dir='ltr'><strong>gentem</strong></span> <span class='ocrx_word' id='word_1_167' title='bbox 850 2104 1003 2164; x_wconf 88' lang='lat' dir='ltr'><strong>bello</strong></span> <span class='ocrx_word' id='word_1_168' title='bbox 1034 2106 1303 2165; x_wconf 66' lang='lat' dir='ltr'><strong>valeant!</strong></span> <span class='ocrx_word' id='word_1_169' title='bbox 1385 2105 1495 2164; x_wconf 87' lang='lat' dir='ltr'><strong>His</strong></span> <span class='ocrx_word' id='word_1_170' title='bbox 1543 2104 1828 2188; x_wconf 77' lang='lat' dir='ltr'><strong>intentum</strong></span> <span class='ocrx_word' id='word_1_171' title='bbox 1877 2104 2174 2166; x_wconf 75' lang='lat' dir='ltr'><strong>Caesarem</strong></span> <span class='ocrx_word' id='word_1_172' title='bbox 2220 2105 2523 2170; x_wconf 80' lang='lat' dir='ltr'><strong>Eduorum</strong></span> 
     </span>
     <span class='ocr_line' id='line_1_19' title="bbox 318 2199 2524 2281; baseline 0.002 -23"><span class='ocrx_word' id='word_1_173' title='bbox 318 2207 379 2259; x_wconf 91' lang='lat' dir='ltr'><strong>et</strong></span> <span class='ocrx_word' id='word_1_174' title='bbox 404 2200 788 2261; x_wconf 85' lang='lat' dir='ltr'><strong>Trevirorum</strong></span> <span class='ocrx_word' id='word_1_175' title='bbox 819 2221 937 2262; x_wconf 91' lang='lat' dir='ltr'><strong>uno</strong></span> <span class='ocrx_word' id='word_1_176' title='bbox 964 2212 1223 2281; x_wconf 85' lang='lat' dir='ltr'><strong>tempore</strong></span> <span class='ocrx_word' id='word_1_177' title='bbox 1255 2201 1568 2280; x_wconf 75' lang='lat' dir='ltr'><strong>legationes</strong></span> <span class='ocrx_word' id='word_1_178' title='bbox 1595 2199 1975 2266; x_wconf 75' lang='lat' dir='ltr'><strong>advenerunt.</strong></span> <span class='ocrx_word' id='word_1_179' title='bbox 2003 2199 2187 2260; x_wconf 90' lang='lat' dir='ltr'><strong>.Edui</strong></span> <span class='ocrx_word' id='word_1_180' title='bbox 2215 2199 2360 2261; x_wconf 80' lang='lat' dir='ltr'><strong>fines</strong></span> <span class='ocrx_word' id='word_1_181' title='bbox 2387 2221 2524 2262; x_wconf 88' lang='lat' dir='ltr'><strong>suos</strong></span> 
     </span>
     <span class='ocr_line' id='line_1_20' title="bbox 318 2296 2524 2376; baseline 0.005 -24"><span class='ocrx_word' id='word_1_182' title='bbox 318 2296 537 2356; x_wconf 80' lang='lat' dir='ltr'><strong>vastari</strong></span> <span class='ocrx_word' id='word_1_183' title='bbox 591 2298 757 2357; x_wconf 86' lang='lat' dir='ltr'><strong>novis</strong></span> <span class='ocrx_word' id='word_1_184' title='bbox 811 2297 1043 2376; x_wconf 87' lang='lat' dir='ltr'><strong>populis</strong></span> <span class='ocrx_word' id='word_1_185' title='bbox 1092 2319 1126 2359; x_wconf 90' lang='lat' dir='ltr'><strong>e</strong></span> <span class='ocrx_word' id='word_1_186' title='bbox 1181 2297 1500 2357; x_wconf 81' lang='lat' dir='ltr'><strong>Germania</strong></span> <span class='ocrx_word' id='word_1_187' title='bbox 1553 2316 1747 2376; x_wconf 84' lang='lat' dir='ltr'><strong>nuper</strong></span> <span class='ocrx_word' id='word_1_188' title='bbox 1801 2297 1886 2355; x_wconf 88' lang='lat' dir='ltr'><strong>in·</strong></span> <span class='ocrx_word' id='word_1_189' title='bbox 1916 2296 2136 2357; x_wconf 88' lang='lat' dir='ltr'><strong>Gallias</strong></span> <span class='ocrx_word' id='word_1_190' title='bbox 2183 2298 2524 2362; x_wconf 83' lang='lat' dir='ltr'><strong>transvectis</strong></span> 
     </span>
     <span class='ocr_line' id='line_1_21' title="bbox 320 2393 2528 2473; baseline 0.001 -20"><span class='ocrx_word' id='word_1_191' title='bbox 320 2394 738 2473; x_wconf 84' lang='lat' dir='ltr'><strong>querebantur.</strong></span> <span class='ocrx_word' id='word_1_192' title='bbox 819 2393 1043 2454; x_wconf 86' lang='lat' dir='ltr'><strong>Treviri</strong></span> <span class='ocrx_word' id='word_1_193' title='bbox 1084 2393 1373 2466; x_wconf 83' lang='lat' dir='ltr'><strong>infinitam</strong></span> <span class='ocrx_word' id='word_1_194' title='bbox 1400 2393 1831 2454; x_wconf 87' lang='lat' dir='ltr'><strong>multitudinem</strong></span> <span class='ocrx_word' id='word_1_195' title='bbox 1859 2395 2177 2456; x_wconf 85' lang='lat' dir='ltr'><strong>Suevorum</strong></span> <span class='ocrx_word' id='word_1_196' title='bbox 2219 2394 2294 2458; x_wconf 85' lang='lat' dir='ltr'><strong>ad</strong></span> <span class='ocrx_word' id='word_1_197' title='bbox 2333 2394 2528 2464; x_wconf 81' lang='lat' dir='ltr'><strong>Rheni</strong></span> 
     </span>
     <span class='ocr_line' id='line_1_22' title="bbox 314 2489 2526 2573; baseline 0.003 -20"><span class='ocrx_word' id='word_1_198' title='bbox 314 2491 478 2571; x_wconf 71' lang='lat' dir='ltr'><strong>ripas</strong></span> <span class='ocrx_word' id='word_1_199' title='bbox 507 2490 758 2552; x_wconf 86' lang='lat' dir='ltr'><strong>duorum</strong></span> <span class='ocrx_word' id='word_1_200' title='bbox 790 2489 1030 2552; x_wconf 74' lang='lat' dir='ltr'><strong>fratrum</strong></span> <span class='ocrx_word' id='word_1_201' title='bbox 1060 2490 1302 2571; x_wconf 87' lang='lat' dir='ltr'><strong>imperio</strong></span> <span class='ocrx_word' id='word_1_202' title='bbox 1344 2490 1678 2571; x_wconf 85' lang='lat' dir='ltr'><strong>pervenisse</strong></span> <span class='ocrx_word' id='word_1_203' title='bbox 1706 2490 2061 2553; x_wconf 86' lang='lat' dir='ltr'><strong>nuntiabant</strong></span> <span class='ocrx_word' id='word_1_204' title='bbox 2098 2491 2526 2573; x_wconf 77' lang='lat' dir='ltr'><strong>transitumque</strong></span> 
     </span>
     <span class='ocr_line' id='line_1_23' title="bbox 323 2589 2528 2671; baseline 0.001 -22"><span class='ocrx_word' id='word_1_205' title='bbox 323 2589 534 2649; x_wconf 88' lang='lat' dir='ltr'><strong>moliri.</strong></span> <span class='ocrx_word' id='word_1_206' title='bbox 574 2590 707 2669; x_wconf 76' lang='lat'><strong>[33]</strong></span> <span class='ocrx_word' id='word_1_207' title='bbox 759 2590 867 2649; x_wconf 88' lang='lat' dir='ltr'><strong>His</strong></span> <span class='ocrx_word' id='word_1_208' title='bbox 923 2589 1255 2650; x_wconf 85' lang='lat' dir='ltr'><strong>rumoribus</strong></span> <span class='ocrx_word' id='word_1_209' title='bbox 1310 2589 1511 2651; x_wconf 82' lang='lat' dir='ltr'><strong>Caesar</strong></span> <span class='ocrx_word' id='word_1_210' title='bbox 1564 2598 1946 2669; x_wconf 78' lang='lat' dir='ltr'><strong>experrectus</strong></span> <span class='ocrx_word' id='word_1_211' title='bbox 1999 2609 2074 2651; x_wconf 89' lang='lat' dir='ltr'><strong>ne</strong></span> <span class='ocrx_word' id='word_1_212' title='bbox 2126 2590 2528 2671; x_wconf 78' lang='lat' dir='ltr'><strong>conjungendi</strong></span> 
     </span>
     <span class='ocr_line' id='line_1_24' title="bbox 323 2686 2528 2767; baseline 0.002 -20"><span class='ocrx_word' id='word_1_213' title='bbox 323 2688 525 2766; x_wconf 85' lang='lat' dir='ltr'><strong>copias</strong></span> <span class='ocrx_word' id='word_1_214' title='bbox 555 2686 723 2746; x_wconf 89' lang='lat' dir='ltr'><strong>daret</strong></span> <span class='ocrx_word' id='word_1_215' title='bbox 749 2687 1018 2747; x_wconf 80' lang='lat' dir='ltr'><strong>hostibus</strong></span> <span class='ocrx_word' id='word_1_216' title='bbox 1048 2686 1324 2767; x_wconf 89' lang='lat' dir='ltr'><strong>spatium,</strong></span> <span class='ocrx_word' id='word_1_217' title='bbox 1368 2686 1803 2765; x_wconf 80' lang='lat' dir='ltr'><strong>expeditissime</strong></span> <span class='ocrx_word' id='word_1_218' title='bbox 1831 2686 2129 2765; x_wconf 85' lang='lat' dir='ltr'><strong>dispositis</strong></span> <span class='ocrx_word' id='word_1_219' title='bbox 2158 2707 2292 2766; x_wconf 80' lang='lat' dir='ltr'><strong>quae</strong></span> <span class='ocrx_word' id='word_1_220' title='bbox 2321 2688 2378 2748; x_wconf 89' lang='lat' dir='ltr'><strong>in</strong></span> <span class='ocrx_word' id='word_1_221' title='bbox 2404 2708 2528 2751; x_wconf 77' lang='lat' dir='ltr'><strong>rem</strong></span> 
     </span>
     <span class='ocr_line' id='line_1_25' title="bbox 322 2782 2529 2864; baseline 0.002 -19"><span class='ocrx_word' id='word_1_222' title='bbox 322 2794 507 2857; x_wconf 87' lang='lat' dir='ltr'><strong>erant,</strong></span> <span class='ocrx_word' id='word_1_223' title='bbox 538 2783 837 2846; x_wconf 83' lang='lat' dir='ltr'><strong>festinanti</strong></span> <span class='ocrx_word' id='word_1_224' title='bbox 864 2786 1092 2864; x_wconf 87' lang='lat' dir='ltr'><strong>agmine</strong></span> <span class='ocrx_word' id='word_1_225' title='bbox 1119 2786 1177 2844; x_wconf 88' lang='lat' dir='ltr'><strong>in</strong></span> <span class='ocrx_word' id='word_1_226' title='bbox 1208 2786 1564 2850; x_wconf 83' lang='lat' dir='ltr'><strong>Ariovistum</strong></span> <span class='ocrx_word' id='word_1_227' title='bbox 1595 2782 2016 2863; x_wconf 68' lang='lat' dir='ltr'><strong>proficiscitur:</strong></span> <span class='ocrx_word' id='word_1_228' title='bbox 2051 2784 2183 2862; x_wconf 83' lang='lat' dir='ltr'><strong>jam</strong></span> <span class='ocrx_word' id='word_1_229' title='bbox 2217 2784 2393 2847; x_wconf 85' lang='lat' dir='ltr'><strong>tridui</strong></span> <span class='ocrx_word' id='word_1_230' title='bbox 2418 2785 2529 2849; x_wconf 73' lang='lat' dir='ltr'><strong>iter</strong></span> 
     </span>
     <span class='ocr_line' id='line_1_26' title="bbox 323 2879 2530 2963; baseline 0 -21"><span class='ocrx_word' id='word_1_231' title='bbox 323 2891 601 2962; x_wconf 80' lang='lat' dir='ltr'><strong>exegerat</strong></span> <span class='ocrx_word' id='word_1_232' title='bbox 650 2883 873 2943; x_wconf 82' lang='lat' dir='ltr'><strong>¹⁰⁰dum</strong></span> <span class='ocrx_word' id='word_1_233' title='bbox 922 2904 1218 2963; x_wconf 86' lang='lat' dir='ltr'><strong>egressum</strong></span> <span class='ocrx_word' id='word_1_234' title='bbox 1268 2882 1430 2943; x_wconf 90' lang='lat' dir='ltr'><strong>illum</strong></span> <span class='ocrx_word' id='word_1_235' title='bbox 1482 2881 1697 2945; x_wconf 87' lang='lat' dir='ltr'><strong>finibus</strong></span> <span class='ocrx_word' id='word_1_236' title='bbox 1743 2879 1817 2940; x_wconf 93' lang='lat' dir='ltr'><strong>ad</strong></span> <span class='ocrx_word' id='word_1_237' title='bbox 1873 2880 2071 2943; x_wconf 83' lang='lat' dir='ltr'><strong>nobile</strong></span> <span class='ocrx_word' id='word_1_238' title='bbox 2123 2881 2530 2961; x_wconf 79' lang='lat' dir='ltr'><strong>Sequanorum</strong></span> 
     </span>
     <span class='ocr_line' id='line_1_27' title="bbox 320 2968 2531 3060; baseline 0.001 -21"><span class='ocrx_word' id='word_1_239' title='bbox 320 2968 571 3060; x_wconf 83' lang='lat' dir='ltr'><strong>opidum</strong></span> <span class='ocrx_word' id='word_1_240' title='bbox 598 2981 1031 3042; x_wconf 88' lang='lat' dir='ltr'><strong>Vesuncionem</strong></span> <span class='ocrx_word' id='word_1_241' title='bbox 1078 2978 1489 3059; x_wconf 85' lang='lat' dir='ltr'><strong>occupandum</strong></span> <span class='ocrx_word' id='word_1_242' title='bbox 1538 2977 1759 3059; x_wconf 83' lang='lat' dir='ltr'><strong>ingenti</strong></span> <span class='ocrx_word' id='word_1_243' title='bbox 1787 2996 1922 3041; x_wconf 83' lang='lat' dir='ltr'><strong>cum</strong></span> <span class='ocrx_word' id='word_1_244' title='bbox 1942 2977 2199 3039; x_wconf 79' lang='lat' dir='ltr'><strong>exercitu</strong></span> <span class='ocrx_word' id='word_1_245' title='bbox 2219 2996 2531 3058; x_wconf 67' lang='lat' dir='ltr'><strong>properare</strong></span> 
     </span>
     <span class='ocr_line' id='line_1_28' title="bbox 324 3075 2532 3157; baseline 0.001 -19"><span class='ocrx_word' id='word_1_246' title='bbox 324 3078 640 3157; x_wconf 87' lang='lat' dir='ltr'><strong>comperit.</strong></span> <span class='ocrx_word' id='word_1_247' title='bbox 725 3079 901 3149; x_wconf 86' lang='lat' dir='ltr'><strong>Quod</strong></span> <span class='ocrx_word' id='word_1_248' title='bbox 930 3099 1159 3139; x_wconf 88' lang='lat' dir='ltr'><strong>summo</strong></span> <span class='ocrx_word' id='word_1_249' title='bbox 1188 3078 1302 3138; x_wconf 88' lang='lat' dir='ltr'><strong>sibi</strong></span> <span class='ocrx_word' id='word_1_250' title='bbox 1345 3076 1542 3138; x_wconf 89' lang='lat' dir='ltr'><strong>studio</strong></span> <span class='ocrx_word' id='word_1_251' title='bbox 1580 3075 2008 3156; x_wconf 83' lang='lat' dir='ltr'><strong>prohibendum</strong></span> <span class='ocrx_word' id='word_1_252' title='bbox 2035 3083 2193 3135; x_wconf 88' lang='lat' dir='ltr'><strong>ratus</strong></span> <span class='ocrx_word' id='word_1_253' title='bbox 2219 3084 2364 3151; x_wconf 82' lang='lat' dir='ltr'><strong>erat,</strong></span> <span class='ocrx_word' id='word_1_254' title='bbox 2390 3096 2532 3141; x_wconf 89' lang='lat' dir='ltr'><strong>cum</strong></span> 
     </span>
     <span class='ocr_line' id='line_1_29' title="bbox 324 3172 2532 3247; baseline 0 -12"><span class='ocrx_word' id='word_1_255' title='bbox 324 3174 490 3235; x_wconf 87' lang='lat' dir='ltr'><strong>locus</strong></span> <span class='ocrx_word' id='word_1_256' title='bbox 515 3183 579 3233; x_wconf 91' lang='lat' dir='ltr'><strong>et</strong></span> <span class='ocrx_word' id='word_1_257' title='bbox 606 3173 859 3234; x_wconf 84' lang='lat' dir='ltr'><strong>fluminis</strong></span> <span class='ocrx_word' id='word_1_258' title='bbox 883 3174 1127 3247; x_wconf 87' lang='lat' dir='ltr'><strong>ambitu,</strong></span> <span class='ocrx_word' id='word_1_259' title='bbox 1172 3183 1231 3234; x_wconf 90' lang='lat' dir='ltr'><strong>et</strong></span> <span class='ocrx_word' id='word_1_260' title='bbox 1277 3175 1380 3235; x_wconf 88' lang='lat' dir='ltr'><strong>nbi</strong></span> <span class='ocrx_word' id='word_1_261' title='bbox 1409 3172 1627 3234; x_wconf 88' lang='lat' dir='ltr'><strong>flumen</strong></span> <span class='ocrx_word' id='word_1_262' title='bbox 1670 3193 1803 3235; x_wconf 87' lang='lat' dir='ltr'><strong>enm</strong></span> <span class='ocrx_word' id='word_1_263' title='bbox 1828 3172 2064 3243; x_wconf 86' lang='lat' dir='ltr'><strong>deserit,</strong></span> <span class='ocrx_word' id='word_1_264' title='bbox 2094 3180 2372 3233; x_wconf 85' lang='lat' dir='ltr'><strong>montana</strong></span> <span class='ocrx_word' id='word_1_265' title='bbox 2397 3192 2532 3235; x_wconf 82' lang='lat' dir='ltr'><strong>arce</strong></span> 
     </span>
     <span class='ocr_line' id='line_1_30' title="bbox 329 3267 2536 3352; baseline 0 -22"><span class='ocrx_word' id='word_1_266' title='bbox 329 3271 754 3343; x_wconf 82' lang='lat' dir='ltr'><strong>validissimus;</strong></span> <span class='ocrx_word' id='word_1_267' title='bbox 799 3273 1038 3352; x_wconf 84' lang='lat' dir='ltr'><strong>insuper</strong></span> <span class='ocrx_word' id='word_1_268' title='bbox 1066 3283 1127 3333; x_wconf 89' lang='lat' dir='ltr'><strong>et</strong></span> <span class='ocrx_word' id='word_1_269' title='bbox 1152 3293 1344 3334; x_wconf 86' lang='lat' dir='ltr'><strong>rerum</strong></span> <span class='ocrx_word' id='word_1_270' title='bbox 1380 3272 1556 3352; x_wconf 90' lang='lat' dir='ltr'><strong>copia</strong></span> <span class='ocrx_word' id='word_1_271' title='bbox 1582 3270 1750 3331; x_wconf 87' lang='lat' dir='ltr'><strong>bellis</strong></span> <span class='ocrx_word' id='word_1_272' title='bbox 1777 3269 2144 3349; x_wconf 81' lang='lat' dir='ltr'><strong>aptissimus:</strong></span> <span class='ocrx_word' id='word_1_273' title='bbox 2188 3267 2376 3331; x_wconf 90' lang='lat' dir='ltr'><strong>flectit</strong></span> <span class='ocrx_word' id='word_1_274' title='bbox 2399 3270 2536 3345; x_wconf 78' lang='lat' dir='ltr'><strong>iter,</strong></span> 
     </span>
     <span class='ocr_line' id='line_1_31' title="bbox 326 3366 2535 3443; baseline -0 -14"><span class='ocrx_word' id='word_1_275' title='bbox 326 3377 392 3429; x_wconf 88' lang='lat' dir='ltr'><strong>et</strong></span> <span class='ocrx_word' id='word_1_276' title='bbox 416 3370 622 3429; x_wconf 82' lang='lat' dir='ltr'><strong>noctes</strong></span> <span class='ocrx_word' id='word_1_277' title='bbox 650 3368 862 3430; x_wconf 89' lang='lat' dir='ltr'><strong>diebus</strong></span> <span class='ocrx_word' id='word_1_278' title='bbox 890 3370 1256 3443; x_wconf 79' lang='lat' dir='ltr'><strong>interserens,</strong></span> <span class='ocrx_word' id='word_1_279' title='bbox 1305 3368 1567 3431; x_wconf 81' lang='lat' dir='ltr'><strong>maximis</strong></span> <span class='ocrx_word' id='word_1_280' title='bbox 1609 3366 1913 3429; x_wconf 87' lang='lat' dir='ltr'><strong>itineribus</strong></span> <span class='ocrx_word' id='word_1_281' title='bbox 1941 3366 2370 3427; x_wconf 80' lang='lat' dir='ltr'><strong>vesuncionem</strong></span> <span class='ocrx_word' id='word_1_282' title='bbox 2396 3375 2535 3431; x_wconf 80' lang='lat' dir='ltr'><strong>ante</strong></span> 
     </span>
     <span class='ocr_line' id='line_1_32' title="bbox 328 3463 2534 3557; baseline -0.001 -31"><span class='ocrx_word' id='word_1_283' title='bbox 328 3466 483 3545; x_wconf 88' lang='lat' dir='ltr'><strong>regis</strong></span> <span class='ocrx_word' id='word_1_284' title='bbox 509 3467 828 3528; x_wconf 84' lang='lat' dir='ltr'><strong>adventum</strong></span> <span class='ocrx_word' id='word_1_285' title='bbox 857 3468 1142 3547; x_wconf 81' lang='lat' dir='ltr'><strong>pervenit,</strong></span> <span class='ocrx_word' id='word_1_286' title='bbox 1200 3466 1443 3557; x_wconf 85' lang='lat' dir='ltr'><strong>opidum</strong></span> <span class='ocrx_word' id='word_1_287' title='bbox 1494 3466 1874 3545; x_wconf 87' lang='lat' dir='ltr'><strong>introgressus</strong></span> <span class='ocrx_word' id='word_1_288' title='bbox 1901 3463 2190 3543; x_wconf 81' lang='lat' dir='ltr'><strong>praesidiis</strong></span> <span class='ocrx_word' id='word_1_289' title='bbox 2225 3464 2534 3542; x_wconf 88' lang='lat' dir='ltr'><strong>oportunis</strong></span> 
     </span>
     <span class='ocr_line' id='line_1_33' title="bbox 332 3560 2534 3641; baseline 0.001 -18"><span class='ocrx_word' id='word_1_290' title='bbox 332 3561 547 3624; x_wconf 85' lang='lat' dir='ltr'><strong>firmat.</strong></span> <span class='ocrx_word' id='word_1_291' title='bbox 634 3564 752 3623; x_wconf 88' lang='lat' dir='ltr'><strong>Hic</strong></span> <span class='ocrx_word' id='word_1_292' title='bbox 782 3583 919 3623; x_wconf 86' lang='lat' dir='ltr'><strong>vero</strong></span> <span class='ocrx_word' id='word_1_293' title='bbox 946 3564 1270 3625; x_wconf 85' lang='lat' dir='ltr'><strong>exercitum</strong></span> <span class='ocrx_word' id='word_1_294' title='bbox 1300 3566 1627 3625; x_wconf 86' lang='lat' dir='ltr'><strong>Romanum</strong></span> <span class='ocrx_word' id='word_1_295' title='bbox 1661 3560 2019 3641; x_wconf 76' lang='lat' dir='ltr'><strong>incredibilis</strong></span> <span class='ocrx_word' id='word_1_296' title='bbox 2046 3580 2260 3632; x_wconf 87' lang='lat' dir='ltr'><strong>rumor,</strong></span> <span class='ocrx_word' id='word_1_297' title='bbox 2289 3568 2534 3626; x_wconf 51' lang='lat' dir='ltr'><strong>tremore</strong></span> 
     </span>
     <span class='ocr_line' id='line_1_34' title="bbox 335 3656 2536 3741; baseline -0.002 -21"><span class='ocrx_word' id='word_1_298' title='bbox 335 3681 452 3741; x_wconf 88' lang='lat' dir='ltr'><strong>qne</strong></span> <span class='ocrx_word' id='word_1_299' title='bbox 482 3666 893 3740; x_wconf 81' lang='lat' dir='ltr'><strong>&#39;persuaserat,</strong></span> <span class='ocrx_word' id='word_1_300' title='bbox 917 3662 1138 3722; x_wconf 86' lang='lat' dir='ltr'><strong>initium</strong></span> <span class='ocrx_word' id='word_1_301' title='bbox 1167 3662 1399 3722; x_wconf 88' lang='lat' dir='ltr'><strong>trahens</strong></span> <span class='ocrx_word' id='word_1_302' title='bbox 1426 3680 1464 3720; x_wconf 89' lang='lat' dir='ltr'><strong>a</strong></span> <span class='ocrx_word' id='word_1_303' title='bbox 1491 3659 1865 3740; x_wconf 81' lang='lat' dir='ltr'><strong>quibusdam,</strong></span> <span class='ocrx_word' id='word_1_304' title='bbox 1890 3658 2010 3737; x_wconf 91' lang='lat' dir='ltr'><strong>qui,</strong></span> <span class='ocrx_word' id='word_1_305' title='bbox 2034 3668 2101 3717; x_wconf 92' lang='lat' dir='ltr'><strong>ut</strong></span> <span class='ocrx_word' id='word_1_306' title='bbox 2129 3656 2216 3729; x_wconf 83' lang='lat' dir='ltr'><strong>fit,</strong></span> <span class='ocrx_word' id='word_1_307' title='bbox 2244 3657 2536 3717; x_wconf 82' lang='lat' dir='ltr'><strong>Caesarem</strong></span> 
     </span>
     <span class='ocr_line' id='line_1_35' title="bbox 330 3746 2534 3838; baseline -0.001 -20"><span class='ocrx_word' id='word_1_308' title='bbox 330 3746 448 3818; x_wconf 75' lang='lat' dir='ltr'><strong>non</strong></span> <span class='ocrx_word' id='word_1_309' title='bbox 478 3758 587 3818; x_wconf 84' lang='lat' dir='ltr'><strong>nisi</strong></span> <span class='ocrx_word' id='word_1_310' title='bbox 615 3757 884 3819; x_wconf 80' lang='lat' dir='ltr'><strong>amicitiae</strong></span> <span class='ocrx_word' id='word_1_311' title='bbox 921 3759 1063 3838; x_wconf 82' lang='lat' dir='ltr'><strong>jure</strong></span> <span class='ocrx_word' id='word_1_312' title='bbox 1099 3760 1416 3838; x_wconf 86' lang='lat' dir='ltr'><strong>prosecuti,</strong></span> <span class='ocrx_word' id='word_1_313' title='bbox 1448 3758 1723 3837; x_wconf 90' lang='lat' dir='ltr'><strong>belloque</strong></span> <span class='ocrx_word' id='word_1_314' title='bbox 1750 3755 2060 3834; x_wconf 82' lang='lat' dir='ltr'><strong>inexperti,</strong></span> <span class='ocrx_word' id='word_1_315' title='bbox 2088 3764 2267 3835; x_wconf 88' lang='lat' dir='ltr'><strong>atque</strong></span> <span class='ocrx_word' id='word_1_316' title='bbox 2295 3753 2432 3814; x_wconf 91' lang='lat' dir='ltr'><strong>ideo</strong></span> <span class='ocrx_word' id='word_1_317' title='bbox 2457 3753 2534 3814; x_wconf 90' lang='lat' dir='ltr'><strong>ad</strong></span> 
     </span>
     <span class='ocr_line' id='line_1_36' title="bbox 337 3849 2538 3936; baseline -0.002 -20"><span class='ocrx_word' id='word_1_318' title='bbox 337 3856 538 3917; x_wconf 87' lang='lat' dir='ltr'><strong>omnia</strong></span> <span class='ocrx_word' id='word_1_319' title='bbox 565 3856 951 3936; x_wconf 84' lang='lat' dir='ltr'><strong>trepidantes,</strong></span> <span class='ocrx_word' id='word_1_320' title='bbox 1001 3857 1214 3917; x_wconf 86' lang='lat' dir='ltr'><strong>Gallos</strong></span> <span class='ocrx_word' id='word_1_321' title='bbox 1260 3855 1560 3936; x_wconf 80' lang='lat' dir='ltr'><strong>praecipue</strong></span> <span class='ocrx_word' id='word_1_322' title='bbox 1607 3863 1954 3914; x_wconf 86' lang='lat' dir='ltr'><strong>mercatores</strong></span> <span class='ocrx_word' id='word_1_323' title='bbox 1982 3849 2059 3911; x_wconf 91' lang='lat' dir='ltr'><strong>de</strong></span> <span class='ocrx_word' id='word_1_324' title='bbox 2087 3859 2243 3910; x_wconf 87' lang='lat' dir='ltr'><strong>statu</strong></span> <span class='ocrx_word' id='word_1_325' title='bbox 2282 3850 2538 3913; x_wconf 86' lang='lat' dir='ltr'><strong>hostium</strong></span> 
     </span>
     <span class='ocr_line' id='line_1_37' title="bbox 332 3933 2538 4035; baseline -0.003 -20"><span class='ocrx_word' id='word_1_326' title='bbox 332 3933 570 4015; x_wconf 72' lang='lat' dir='ltr'><strong>&#39;assidue</strong></span> <span class='ocrx_word' id='word_1_327' title='bbox 597 3953 993 4035; x_wconf 87' lang='lat' dir='ltr'><strong>inquirebant:</strong></span> <span class='ocrx_word' id='word_1_328' title='bbox 1035 3951 1354 4031; x_wconf 88' lang='lat' dir='ltr'><strong>auditaque</strong></span> <span class='ocrx_word' id='word_1_329' title='bbox 1381 3952 1531 4012; x_wconf 86' lang='lat' dir='ltr'><strong>mole</strong></span> <span class='ocrx_word' id='word_1_330' title='bbox 1558 3968 1893 4030; x_wconf 87' lang='lat' dir='ltr'><strong>corporum,</strong></span> <span class='ocrx_word' id='word_1_331' title='bbox 1937 3967 2009 4007; x_wconf 89' lang='lat' dir='ltr'><strong>ac</strong></span> <span class='ocrx_word' id='word_1_332' title='bbox 2037 3946 2251 4007; x_wconf 84' lang='lat' dir='ltr'><strong>virtute</strong></span> <span class='ocrx_word' id='word_1_333' title='bbox 2274 3956 2336 4007; x_wconf 89' lang='lat' dir='ltr'><strong>et</strong></span> <span class='ocrx_word' id='word_1_334' title='bbox 2360 3967 2538 4027; x_wconf 83' lang='lat' dir='ltr'><strong>expe-</strong></span> 
     </span>
     <span class='ocr_line' id='line_1_38' title="bbox 337 4044 2539 4129; baseline -0.004 -19"><span class='ocrx_word' id='word_1_335' title='bbox 337 4048 544 4110; x_wconf 85' lang='lat' dir='ltr'><strong>rientia</strong></span> <span class='ocrx_word' id='word_1_336' title='bbox 597 4051 1051 4121; x_wconf 84' lang='lat' dir='ltr'><strong>Germanorum,</strong></span> <span class='ocrx_word' id='word_1_337' title='bbox 1106 4050 1495 4129; x_wconf 86' lang='lat' dir='ltr'><strong>quotiensque</strong></span> <span class='ocrx_word' id='word_1_338' title='bbox 1545 4067 1680 4107; x_wconf 88' lang='lat' dir='ltr'><strong>cum</strong></span> <span class='ocrx_word' id='word_1_339' title='bbox 1736 4045 1825 4105; x_wconf 87' lang='lat' dir='ltr'><strong>his</strong></span> <span class='ocrx_word' id='word_1_340' title='bbox 1878 4044 2185 4123; x_wconf 78' lang='lat' dir='ltr'><strong>Gallorum</strong></span> <span class='ocrx_word' id='word_1_341' title='bbox 2250 4044 2539 4105; x_wconf 82' lang='lat' dir='ltr'><strong>exercitus</strong></span> 
     </span>
     <span class='ocr_line' id='line_1_39' title="bbox 322 4138 2540 4225; baseline -0.004 -18"><span class='ocrx_word' id='word_1_342' title='bbox 322 4144 796 4219; x_wconf 68' lang='lat' dir='ltr'><strong>&#39;concurrisse-t,</strong></span> <span class='ocrx_word' id='word_1_343' title='bbox 849 4156 1232 4225; x_wconf 82' lang='lat' dir='ltr'><strong>conspectum</strong></span> <span class='ocrx_word' id='word_1_344' title='bbox 1283 4164 1487 4205; x_wconf 77' lang='lat' dir='ltr'><strong>eornm</strong></span> <span class='ocrx_word' id='word_1_345' title='bbox 1542 4143 1813 4204; x_wconf 87' lang='lat' dir='ltr'><strong>tollerare</strong></span> <span class='ocrx_word' id='word_1_346' title='bbox 1862 4138 2216 4225; x_wconf 72' lang='lat' dir='ltr'><strong>nequivisse,</strong></span> <span class='ocrx_word' id='word_1_347' title='bbox 2252 4139 2540 4219; x_wconf 86' lang='lat' dir='ltr'><strong>ingentem</strong></span> 
     </span>
    </p>
   </div>
   <div class='ocr_carea' id='block_1_3' title="bbox 653 4260 2358 4359">
    <p class='ocr_par' dir='ltr' id='par_1_3' title="bbox 653 4260 2358 4359">
     <span class='ocr_line' id='line_1_40' title="bbox 653 4260 2358 4359; baseline -0.005 -16"><span class='ocrx_word' id='word_1_348' title='bbox 653 4297 721 4343; x_wconf 77' lang='lat' dir='ltr'><strong>ss</strong></span> <span class='ocrx_word' id='word_1_349' title='bbox 752 4292 912 4357; x_wconf 81' lang='lat' dir='ltr'><strong>Puto,</strong></span> <span class='ocrx_word' id='word_1_350' title='bbox 928 4291 1304 4345; x_wconf 47' lang='lat' dir='ltr'><strong>minime-100</strong></span> <span class='ocrx_word' id='word_1_351' title='bbox 1336 4293 1499 4359; x_wconf 69' lang='lat' dir='ltr'><strong>Lege,</strong></span> <span class='ocrx_word' id='word_1_352' title='bbox 1516 4260 1735 4343; x_wconf 52' lang='lat' dir='ltr'><strong>cna-‚41</strong></span> <span class='ocrx_word' id='word_1_353' title='bbox 1769 4289 2236 4355; x_wconf 53' lang='lat' dir='ltr'><strong>Legem.</strong></span> <span class='ocrx_word' id='word_1_354' title='bbox 2347 4324 2358 4333; x_wconf 93' lang='lat'>.</span> 
     </span>
    </p>
   </div>
  </div>
 </body>
</html>
