3117 5025
574 339 753 420 1768
1225 359 1283 407 J.
1330 358 1542 408 onnsr
1592 357 2132 410 coMMssN'rAnu

576 523 734 574 mum
777 523 961 582 genus
1003 505 1117 579 est)
1181 499 1261 572 ad
1313 504 1580 584 iniquom
1645 516 1943 567 certamen
2003 514 2203 586 posset
2271 503 2570 579 inducere,
2640 527 2790 586 prae·

577 601 724 680 cipit
763 600 1020 682 insuper,
1089 611 1156 661 ut
1222 622 1454 664 summo
1521 602 1723 668 studio
1777 614 1964 678 actus·
1994 613 2055 664 et
2112 603 2351 666 consilia
2395 604 2650 666 hostium
2691 627 2792 666 ex·

576 697 835 777 plorent,
881 719 1135 779 eumque
1206 698 1285 760 de
1355 700 1601 780 singulis
1656 699 1878 762 crebris
1925 699 2146 766 nuntiis
2201 701 2478 764 ⁷⁵certius
2549 695 2789 763 faciant.

576 795 669 855 mi
692 796 915 864 ‚obnixe
931 796 1106 874 jussa
1133 808 1453 878 peragunt:
1498 818 1847 878 paucosque
1875 808 2009 877 post
2056 797 2182 857 dies
2227 799 2518 870 nuntiant,
2566 799 2790 860 Suevos

520 961 538 970 „
578 889 763 968 ⁷f⁵suis
792 896 1085 967 omnibus,
1131 917 1204 964 ac
1252 917 1491 960 suorum
1534 895 1755 960 viribus
1801 897 1861 956 in
1911 907 2176 962 extremo
2204 895 2406 957 finium
2436 898 2788 969 consedisse,

577 990 655 1054 ad
687 991 889 1054 silvam
920 993 1230 1056 maximam
1260 1014 1396 1074 quae
1422 994 1553 1056 illos
1599 1013 1637 1054 a
1667 994 1901 1054 Cerusis
1951 995 2142 1056 vicina
2185 1010 2359 1075 gente
2394 996 2791 1057 discriminat:

580 1091 633 1127 ⁷⁷
649 1089 751 1150 uhi
778 1094 1111 1153 Romanum
1133 1092 1455 1153 exercitum
1481 1099 1816 1171 expectare.
1896 1091 1965 1152 Id
1999 1105 2330 1172 pergratum
2361 1093 2581 1154 Caesari
2615 1094 2796 1156 bello-

577 1206 707 1248 rum
734 1188 1122 1268 cupidissimo
1153 1191 1360 1259 suerat,
1380 1191 1534 1254 sicut
1560 1188 1709 1250 illud
1739 1191 2178 1270 permolestum,
2202 1191 2366 1270 quod
2394 1191 2616 1256 eisdem
2647 1213 2797 1254 nun·

577 1284 877 1359 tiantibuS,
927 1290 1149 1350 Suevos
1189 1308 1251 1352 ae
1298 1288 1357 1348 in
1406 1288 1581 1350 silvas
1608 1287 1834 1348 intimas
1861 1287 2156 1366 recepisse
2185 1288 2497 1368 cognovit:
2544 1301 2611 1352 ut
2634 1288 2793 1351 enim

575 1384 845 1463 proelium
874 1387 1218 1466 exoptabat,
1250 1386 1333 1447 sic
1364 1386 1610 1448 taedium
1638 1386 1998 1447 formidabat
2052 1394 2112 1448 et
2145 1385 2443 1466 jacturam
2492 1388 2793 1466 temporis,

578 1500 651 1545 ac
680 1483 1018 1562 perplexam
1071 1475 1343 1545 horrebat
1392 1484 1770 1563 indaginem:
1816 1503 1973 1563 saepe
2014 1494 2289 1563 expertus
2338 1503 2516 1563 quam
2555 1484 2796 1546 difficile

582 1591 737 1641 esset
766 1580 960 1644 hostes
981 1583 1135 1645 silvis
1154 1581 1463 1662 incognitis
1486 1582 1722 1646 venari:
1767 1603 1876 1642 nec
1902 1583 2152 1642 cessavit
2170 1593 2398 1648 tamen:
2443 1582 2557 1643 sed
2573 1582 2631 1642 id
2651 1582 2800 1646 frus·

582 1687 672 1737 tra
701 1677 848 1740 suit:
894 1701 964 1743 ac
994 1701 1069 1741 ne
1097 1681 1361 1760 pluribus
1387 1702 1558 1759 agam
1589 1701 1768 1760 quam
1798 1691 2069 1760 oportet:
2115 1700 2231 1739 non
2276 1679 2355 1741 de
2401 1680 2515 1740 hoc
2544 1689 2796 1754 tantum,

583 1774 688 1842 sed
713 1776 789 1838 de
818 1778 1005 1857 primo
1031 1800 1271 1861 quoque
1300 1780 1487 1843 Rheni
1514 1781 1787 1852 transitu,
1816 1782 2008 1858 deque
2056 1778 2170 1850 alia
2219 1778 2476 1839 hostium
2523 1779 2580 1838 in
2620 1779 2796 1841 silvas

583 1872 743 1953 fuga,
799 1876 1035 1956 elegans
1094 1898 1166 1939 ac
1234 1878 1538 1944 succincta
1606 1878 1759 1940 Flori
1826 1875 2077 1938 brevitas
2125 1875 2260 1936 huic
2305 1897 2367 1936 se
2408 1876 2544 1938 loco
2582 1876 2802 1939 inserat

580 1970 881 2045 historiaeg
963 1983 1022 2036 te
1091 1997 1129 2035 o
1195 1976 1384 2036 lector
1449 1995 1568 2036 non
1646 1976 1831 2036 solum
1922 1977 2183 2055 patiente
2264 1974 2370 2035 sed
2455 1974 2798 2055 plaudente.

581 2070 634 2132 ⁷3³
657 2070 999 2146 ‘Archanis‚'
1025 2074 1234 2153 inquit,
1266 2084 1281 2109 ‘
1300 2074 1529 2136 hostem
1562 2075 1831 2155 quaesivit
1853 2074 1914 2134 iu
1944 2074 2131 2135 silvis:
2173 2071 2274 2134 sed
2301 2074 2356 2134 in
2380 2073 2560 2135 saltus
2587 2094 2660 2135 ac
2689 2094 2798 2154 pa-

582 2166 747 2230 ludes
774 2190 958 2248 ganus
984 2191 1157 2232 omne
1186 2171 1529 2251 diffugerat:
1576 2182 1802 2238 tantum
1849 2171 2086 2251 pavoris
2132 2171 2369 2231 incussit
2407 2171 2561 2232 intra
2609 2172 2798 2251 ripam

582 2266 781 2328 subito
812 2270 1075 2332 Romana
1094 2270 1215 2331 vis:
1248 2290 1358 2330 nec
1381 2270 1561 2330 semel
1585 2271 1852 2338 Rhenus:
1884 2269 2057 2349 [108]
2079 2269 2287 2330 iterum
2310 2289 2573 2347 quoque,
2593 2282 2652 2331 et
2676 2271 2803 2350 qui-

585 2364 721 2426 dem
765 2378 947 2446 ponte
995 2368 1157 2430 facto
1188 2379 1527 2448 penetratus
1553 2379 1663 2430 est.
1759 2368 1874 2430 Sed
1915 2367 2102 2445 major
2128 2367 2431 2446 aliquanto
2458 2368 2802 2447 trepidatio:

588 2464 815 2546 quippe
843 2485 979 2527 cum
1009 2466 1281 2528 Rhenum
1332 2466 1474 2527 ⁷⁹sic
1503 2475 1670 2546 parte
1701 2465 1870 2545 quasi
1896 2464 2042 2545 jugo
2072 2474 2316 2545 captum
2346 2463 2630 2537 viderent,
2663 2466 2804 2547 fuga

586 2584 786 2625 rursus
814 2564 874 2627 in
901 2566 1074 2626 silvas
1123 2575 1186 2626 et
1227 2565 1501 2646 paludes:
1546 2566 1651 2627 sed
1705 2565 1888 2645 quod„
1917 2563 2356 2624 acerbissimum
2404 2564 2625 2625 Caesari
2668 2564 2800 2637 fuit,

588 2680 707 2727 non
736 2663 984 2727 ⁸0sacere
1030 2686 1164 2746 qua:
1211 2666 1627 2727 vincerentur?
1715 2666 1863 2725 llaec
1914 2673 1981 2724 ut
2028 2662 2187 2742 legis,
2243 2661 2317 2727 ad
2368 2661 2590 2723 literam
2649 2662 2803 2725 Flori

589 2772 763 2823 aunt:
806 2763 1021 2843 quibus
1051 2764 1244 2825 innuit
1290 2765 1542 2844 primum
1592 2762 1782 2825 Rheni
1830 2762 2136 2823 transitum
2184 2779 2301 2820 non
2350 2767 2532 2838 ponte
2575 2758 2804 2823 factum

586 2879 711 2920 esse
738 2860 841 2921 sed
888 2862 1162 2923 navibus:
1208 2862 1399 2941 primo
1448 2882 1590 2923 vero
1634 2880 1752 2923 non
1804 2860 1920 2921 hoc
1963 2858 2154 2919 innuit
2198 2857 2299 2918 sed
2350 2855 2621 2918 affirmat.
2706 2858 2804 2927 Sic

590 2957 744 3019 enim
773 2968 908 3019 ante
936 2960 1065 3021 liaec
1112 2944 1399 3038 scriptum
1429 2958 1705 3020 invenies.
1789 2960 1921 3020 Jam
1951 2957 2152 3018 Caesar
2181 2956 2335 3016 ultro
2364 2955 2422 3015 in
2468 2956 2802 3017 ⁸¹Offellam

592 3056 801 3131 (amnis
829 3066 920 3117 est
956 3056 1363 3131 Trevirorum)
1405 3056 1595 3116 navali
1623 3065 1802 3136 ponte
1828 3040 2268 3131 transgreditur,
2307 3052 2622 3132 ipsumque
2651 3055 2808 3115 Rhe·

486 3153 493 3162 ‘
591 3173 753 3213 num.
838 3154 951 3213 Sed
982 3154 1031 3215 is
1076 3154 1180 3234 qui
1210 3172 1470 3234 praesens
1499 3161 1627 3214 erat
1655 3153 1799 3212 dum
1827 3152 1958 3212 haec
1989 3151 2216 3224 fierent,
2265 3162 2578 3231 utrumque
2607 3153 2810 3213 transi·

591 3262 719 3315 tum
747 3252 942 3313 stabili
989 3263 1171 3333 ponte
1199 3251 1498 3325 describit,
1532 3271 1710 3332 quem
1758 3252 1819 3311 in
1867 3251 1978 3311 hac
2021 3251 2348 3313 narratione
2376 3260 2615 3312 secutus
2642 3271 2806 3313 aum:

586 3349 846 3428 procedo
872 3360 1089 3412 autem.
1174 3348 1394 3409 Videns
1422 3368 1561 3427 ergo
1610 3349 1810 3409 Caesar
1843 3368 1965 3408 rem
1997 3349 2274 3428 temporis
2301 3349 2579 3428 indigam,
2611 3350 2810 3428 longe-

593 3466 710 3526 que
738 3445 1057 3519 difficilem,
1088 3447 1386 3526 praecipue
1427 3464 1550 3524 prae
1595 3444 1873 3506 frumenti
1925 3446 2150 3525 inopia:
2194 3445 2357 3526 quod
2403 3465 2476 3508 eo
2521 3456 2809 3526 tempore,

591 3546 902 3609 Germanis
946 3545 1320 3626 agriculturae
1370 3543 1631 3604 studium
1690 3564 1808 3604 non
1854 3555 1998 3615 erat,
2050 3564 2262 3624 magna
2307 3564 2443 3623 pars
2491 3555 2706 3605 venatu
2748 3555 2812 3606 et

592 3644 901 3707 latrocinio
951 3644 1299 3716 utebantur:
1345 3662 1601 3723 quorum
1658 3643 1733 3703 sit
1790 3641 1973 3711 modo
2031 3641 2301 3714 facultas,
2359 3643 2606 3703 libenter
2647 3661 2808 3702 nunc

591 3743 766 3805 etiam
829 3752 1101 3813 utuntur:
1144 3742 1315 3811 lacte,
1365 3761 1566 3814 carne,
1614 3761 1789 3803 caseo
1847 3740 2229 3801 victitabant:
2273 3741 2494 3802 omisso
2547 3741 2811 3817 incoepto

592 3861 799 3905 rursus
829 3842 887 3901 in
918 3840 1173 3905 Galliam
1202 3839 1413 3902 reverti
1441 3839 1682 3901 statuit:
1730 3837 1838 3900 sed
1876 3848 1941 3899 ut
1970 3849 2129 3899 metu
2158 3839 2248 3899 sui
2276 3838 2501 3898 reditus
2530 3836 2812 3898 barbaro-

661 4103 723 4147 ⁷5
772 4098 930 4161 Lege,
946 4097 1341 4147 certiorem—76
1377 4098 1552 4161 Forte,
1574 4113 1679 4149 eum
1699 4096 1946 4147 sarim—⁷7
1985 4094 2145 4159 Lege,
2167 4093 2384 4143 ibt—78
2422 4090 2578 4156 Apud
2605 4091 2814 4141 Florum

592 4181 813 4243 legitur:
867 4179 1173 4229 Iiirciniis.--
1189 4184 1255 4243 79
1276 4226 1280 4230 .
1299 4181 1456 4244 Lege,
1477 4181 1544 4233 εἰσ
1561 4184 1852 4246 ponta-80
1902 4178 2063 4242 Lege,
2088 4176 2231 4238 suem
2251 4174 2484 4241 qui.-81
2521 4176 2678 4239 Lege,
2707 4175 2815 4223 Mo·

595 4264 775 4311 sellam.
