3117 5025
609 381 785 452 106
1256 393 1319 444 J.
1336 433 1344 438 .
1363 392 1578 444 cnm
1647 394 2188 444 counnwmnn

608 541 736 605 otio
762 550 824 602 et
848 541 978 602 solo
1003 537 1245 600 videndi
1270 519 1677 616 noscendiqu'e
1703 523 1919 612 studio,
1972 558 2131 600 nunc
2171 559 2244 598 ex
2271 535 2511 618 negotio
2536 540 2818 605 circuivi:

612 636 881 719 quamvis
907 635 1036 716 ipsa
1068 633 1371 696 nominum
1398 635 1652 696 mutatio
1680 636 1739 695 in
1770 635 1862 696 his
1906 637 2092 707 terris,
2136 644 2203 697 ut
2244 637 2300 696 in
2327 636 2455 696 aliis
2484 637 2604 698 fere
2632 640 2822 701 omni·

610 735 746 807 bus,
775 734 1029 795 multum
1057 752 1229 792 novae
1256 731 1622 794 difficultatis
1649 743 1712 794 et
1738 733 2021 795 scribenti
2049 732 2301 812 objiciat
2323 743 2383 795 et
2415 735 2672 815 legenti:
2713 735 2818 798 sed

610 850 902 909 emerfflm
926 839 993 889 ut
1017 838 1249 909 potero.
1266 828 1412 908 [16]
1464 829 1664 891 Gallia
1682 849 1824 909 ergo
1848 830 1963 890 ²³in
1981 850 2182 891 omnes
2203 831 2406 910 primis
2425 832 2645 893 diffusa
2662 852 2824 914 mag-1

610 947 747 1002 nam
776 928 1030 1005 Europoe
1059 936 1286 1007 partem
1312 935 1595 1005 occupat,
1625 926 1890 987 bifariam
1936 926 2353 1008 distinguitur:
2399 938 2462 991 et
2506 931 2742 991 nomina
2784 950 2824 994 a

612 1025 898 1089 Romanis
924 1024 1200 1104 imposita
1225 1024 1317 1085 vel
1363 1021 1497 1085 hinc
1546 1033 1733 1103 patet,
1776 1024 1939 1104 quod
1982 1044 2112 1086 eam
2154 1036 2383 1106 partem
2413 1049 2549 1108 qua:
2581 1031 2827 1110 propin·

612 1123 788 1206 quior
813 1123 1019 1183 Romae
1047 1130 1173 1183 erat
1201 1120 1562 1199 Cisalpinam
1615 1121 1832 1181 “dicet
1851 1128 1936 1195 ut,
1967 1122 2128 1202 quod
2171 1124 2258 1185 cis
2303 1125 2485 1206 Alpes
2514 1126 2624 1206 ipsi
2649 1128 2825 1188 etiam

613 1231 830 1283 essent.
913 1221 1081 1281 Illam
1108 1239 1246 1280 vero
1272 1238 1407 1298 quae
1449 1218 1745 1292 remotior,
1774 1219 2250 1301 Transalpinam,
2278 1242 2412 1302 quae
2440 1222 2738 1287 distinctio
2763 1232 2827 1285 et

618 1318 680 1379 in
709 1318 1013 1400 Hispaniis
1038 1317 1350 1378 observata
1376 1324 1486 1388 est,
1519 1326 1585 1377 ut
1618 1317 1768 1377 hanc
1798 1317 2026 1377 scilicet
2051 1318 2132 1377 oh
2162 1337 2422 1393 causam,
2465 1320 2596 1382 haec
2639 1320 2829 1382 citeri·

620 1435 708 1490 or,
736 1417 836 1476 illa
864 1423 1064 1476 autem
1105 1413 1348 1484 ulterior
1375 1412 1699 1478 diceretur:
1745 1414 1903 1475 unde
1952 1414 2163 1477 horum
2206 1417 2509 1480 nominum
2555 1431 2826 1479 auctores

618 1512 801 1574 fuisse
831 1513 984 1585 illos,
1028 1512 1135 1592 qui
1159 1531 1347 1572 rerum
1394 1512 1730 1591 potirentur
1756 1511 1930 1574 facile
1975 1514 2219 1593 quidem
2262 1514 2594 1595 ingeniosus
2641 1515 2831 1577 lector

574 1610 951 1690 [intelligam
998 1618 1062 1670 et
1085 1608 1385 1689 Cisalpina
1415 1630 1553 1688 quae
1598 1609 1714 1671 fuit
1753 1611 1892 1671 olim
1943 1611 2139 1672 Gallia
2185 1613 2580 1692 terminosque
2621 1611 2831 1674 habuit

620 1706 757 1769 hinc
787 1707 1163 1787 Apenninum
1187 1706 1268 1767 ab
1288 1705 1600 1767 occidente
1620 1725 1688 1767 ac
1718 1707 1976 1779 meridie,
2006 1707 2166 1770 illinc
2203 1710 2386 1787 Alpes
2433 1727 2470 1767 a
2511 1708 2831 1788 Septentri-

606 1821 752 1881 one,
793 1805 871 1867 ab
899 1804 1116 1866 oriente
1143 1812 1340 1865 autem
1368 1804 1555 1865 sinum
1599 1805 1771 1865 maris
1809 1804 2122 1877 Adriatici,
2157 1803 2527 1884 fluviumque
2554 1805 2831 1884 exiguum

618 1900 1018 1976 Rubiconem,
1048 1900 1155 1982 qui
1180 1899 1339 1962 haud
1367 1900 1582 1980 procul
1607 1900 1875 1962 Arimino
1902 1901 2017 1981 ipsi
2042 1901 2345 1962 Adriatico
2368 1900 2509 1960 mari
2544 1911 2606 1962 et
2630 1901 2836 1980 Apen-

620 1996 760 2058 nino
787 1997 1177 2060 infunduntur
1196 2019 1214 2068 ς
1260 2015 1396 2075 qua:
1422 1995 1622 2056 multis
1659 1998 2005 2076 magnisque
2035 1998 2278 2059 urbibus
2324 1998 2590 2078 insignis,
2637 1999 2836 2059 multis

624 2095 786 2156 clara
813 2093 1150 2155 fluminibus
1178 2113 1251 2154 ac
1275 2092 1528 2153 lacubus
1556 2113 1664 2172 per
1708 2094 1968 2155 medium
2010 2095 2194 2171 Pado,
2239 2115 2414 2176 quem
2461 2096 2661 2157 Graeci
2708 2095 2839 2157 Eri-

622 2193 845 2255 danum
870 2202 1102 2266 vocant,
1143 2193 1306 2273 regio
1348 2211 1519 2253 amne
1543 2193 1947 2273 distinguitur.
2033 2195 2147 2255 Hic
2177 2196 2415 2274 inquam
2445 2195 2698 2256 ambitus
2725 2206 2840 2256 ter-

621 2311 819 2353 rarum
857 2292 989 2372 jam
1016 2311 1132 2352 nou
1182 2290 1401 2352 Gallioe
1450 2290 1557 2351 sed
1606 2291 1793 2351 Italiae
1836 2311 1971 2371 pars
2010 2302 2115 2353 est.
2198 2292 2645 2373 Transalpinam
2699 2312 2838 2354 vero

625 2389 747 2452 sive
776 2390 1110 2452 ulteriorem
1131 2388 1391 2450 Galliam
1419 2390 1848 2471 cosmographi
1875 2400 1937 2450 et
1963 2390 2246 2450 Histoi-ici
2292 2390 2445 2450 varie
2473 2389 2834 2463 diviserunt:

632 2506 809 2566 quam
838 2508 981 2561 rem,
1009 2486 1170 2569 quod
1201 2496 1264 2548 et
1286 2484 1445 2567 apud
1471 2506 1577 2548 eos
1608 2487 1747 2548 satis
1776 2486 2025 2549 obscura
2053 2496 2162 2560 est,
2211 2496 2272 2548 et
2300 2496 2368 2548 ut
2415 2487 2628 2548 clarior
2655 2486 2842 2562 fieret,

618 2586 884 2666 plurium
913 2586 1203 2665 indigeret
1231 2585 1554 2657 verborum,
1589 2595 1840 2647 transeo.
1924 2585 2102 2655 Quod
2133 2586 2288 2647 inter
2315 2605 2518 2647 omnes
2547 2586 2842 2659 convenit,

624 2694 709 2754 et,
732 2684 894 2764 quod
925 2704 1128 2744 verum
1163 2703 1315 2755 reor,
1354 2682 1668 2762 attigerim,
1695 2683 1978 2761 universae
2004 2684 2408 2764 Transalpinas
2436 2684 2649 2745 Gallia:
2696 2682 2843 2744 fines

628 2799 700 2841 ac
726 2782 1002 2860 spatium,
1022 2780 1205 2840 fuisse
1228 2780 1294 2840 in
1321 2778 1565 2859 longum
1593 2781 1671 2840 ab
1715 2779 1970 2858 Alpibus
2011 2780 2197 2841 ltaliae
2241 2781 2322 2841 ad
2371 2781 2677 2840 Oceanum
2714 2779 2844 2839 Bri·

632 2878 929 2939 tannicum
981 2876 1381 2955 ²⁵Pirivesque
1426 2886 1652 2938 montes
1682 2878 1785 2957 qui
1815 2877 2024 2938 Gallos
2065 2878 2352 2941 dirimunt
2395 2878 2474 2937 ab
2523 2876 2844 2956 Hispanis:

628 2976 690 3039 in
720 2976 903 3034 latum
932 2994 1072 3034 vero
1090 2973 1368 3034 amnibus
1388 2973 1602 3035 Rheno
1631 2993 1703 3033 ac
1721 2974 2015 3034 Rhodano
2042 2975 2392 3054 geminoque
2422 2974 2568 3036 mari
2591 2974 2650 3033 in
2681 2971 2842 3052 quod

633 3061 877 3133 flumina
901 3071 1033 3149 ipsa
1054 3069 1450 3142 descendunt,
1481 3071 1726 3130 Oceano
1756 3069 1984 3131 scilicet
2010 3089 2083 3131 ac
2121 3071 2448 3150 Tyrrheno,
2475 3071 2754 3152 patuisse,
2783 3078 2848 3130 at

632 3169 694 3229 in
723 3168 998 3239 circuitu,
1030 3177 1098 3227 ut
1141 3168 1458 3229 Suetonius
1504 3168 1889 3247 Tranquillas
1929 3168 2033 3241 ait,
2060 3166 2137 3228 ad
2168 3168 2258 3229 bis
2285 3179 2350 3230 et
2375 3169 2570 3229 tricies
2597 3176 2850 3230 centena

633 3265 819 3327 millia
844 3286 1146 3345 passuum.
1228 3267 1317 3325 Ex
1346 3264 1619 3325 omnibus
1661 3285 1799 3326 sane
1844 3265 2230 3327 divisionibus
2277 3268 2407 3345 ejus
2451 3285 2519 3326 ac
2559 3264 2847 3345 partibus,

637 3382 814 3424 unam
843 3363 1100 3430 Galliam
1128 3363 1421 3442 Belgicam
1453 3362 1674 3423 dictam
1702 3371 1948 3425 constat.
2036 3365 2129 3423 De
2158 3363 2332 3441 cujus
2362 3362 2582 3423 finibus
2614 3363 2722 3423 etsi
2752 3380 2852 3420 va-

636 3460 789 3522 rient
816 3461 1151 3541 scriptores,
1180 3461 1294 3521 hoc
1324 3460 1663 3533 tenendum,
1715 3459 2011 3519 habitasse
2057 3460 2264 3539 Belgas
2307 3460 2516 3522 Gallos
2562 3458 2641 3520 ad
2691 3458 2856 3519 sinis-

638 3566 792 3620 tram
818 3558 1009 3618 Rheni
1039 3557 1249 3637 ripam,
1299 3556 1402 3617 ubi
1453 3556 1705 3615 maxime
1751 3554 1828 3615 ad
1881 3555 2193 3616 Oceanum
2247 3558 2703 3637 appropinquat,
2747 3554 2852 3635 qui

639 3657 795 3719 enim
836 3655 1110 3716 dextrum
1139 3655 1290 3715 latus
1320 3655 1616 3725 accolunt,
1638 3654 1764 3732 jam
1795 3672 1914 3713 non
1944 3651 2108 3713 Galli
2160 3650 2385 3715 ²⁶eraut
2415 3654 2516 3715 sed
2543 3651 2852 3715 Germani.

640 3752 937 3833 Incipiens
964 3772 1102 3831 ergo
1132 3753 1444 3829 Belgarum
1471 3750 1631 3828 regio
1673 3748 1751 3808 ab
1795 3748 2063 3822 Oceano,
2111 3749 2215 3830 qui
2262 3750 2413 3831 inter
2463 3750 2741 3810 ²⁷archon
2790 3756 2855 3808 et

642 3870 920 3913 occasum
951 3847 1268 3910 Britanniae
1295 3868 1333 3908 a
1358 3845 1796 3908 continentibus
1824 3857 2080 3926 separat,
2109 3846 2360 3909 adverso
2388 3846 2640 3907 fluminis
2681 3846 2855 3905 alveo

630 3948 799 4023 inter
840 3946 1296 4027 septentrionem
1341 3954 1406 4005 et
1452 3943 1738 4005 orientem
1787 3946 2090 4016 tendebat,
2130 3944 2347 4025 quibus
2403 3943 2580 4005 hodie
2624 3942 2686 4002 in
2727 3940 2859 4002 fini·

710 4178 776 4225 2⁸
807 4176 1034 4229 Videtur
1055 4177 1360 4240 legendum:
1396 4192 1500 4243 qua
1542 4179 1597 4230 §a
1637 4193 1794 4230 ma
1827 4184 1990 4244 podes
2026 4176 2357 4242 diffisum—2⁴
2391 4176 2551 4241 Lege,
2569 4175 2862 4224 dicarat.—

648 4262 711 4309 25
735 4258 897 4325 Lege,
917 4259 1386 4325 Francosque—26
1410 4261 1592 4326 Forte,
1605 4265 1867 4313 suan—2⁷
1884 4262 2045 4327 Lege,
2072 4264 2240 4311 mm
2256 4263 2525 4311 docem
2538 4255 2866 4308 Brito-aim.
