3117 5025
928 405 1025 456 na
1070 405 1255 455 vrrA
1299 405 1503 458 mnu
1552 404 1910 457 cffissms.
2358 390 2533 462 1829

307 561 683 624 retulissentz
738 556 913 640 [186]
968 571 1221 622 cunctos
1269 559 1494 621 dimisit
1544 558 1886 632 incolumes,
1943 557 2083 639 quin
2136 567 2199 619 et
2265 560 2527 638 pecunias

308 658 546 737 pondus
600 659 805 738 ingens
837 658 1083 718 Domitii
1135 656 1493 737 depositum,
1535 666 1597 717 et
1638 657 1718 717 ab
1755 655 2027 736 opidanis
2075 655 2186 715 sibi
2226 656 2526 728 oblatum;

312 758 580 833 quamvis
626 765 689 816 et
742 757 991 836 pecunia
1044 756 1288 835 publica
1340 764 1514 826 esset,
1565 765 1628 816 et
1683 756 1742 815 in
1795 754 2152 835 stipendium
2205 763 2530 826 numerata,

314 852 581 913 Domitio
608 853 877 923 restituit,
896 872 969 912 ne
987 853 1303 931 sanguinis,
1316 873 1492 932 quam
1516 853 1784 932 pecuniae
1803 852 2192 914 abstinentior
2207 852 2527 914 videretur:

311 950 460 1010 nihil
504 962 807 1029 postremo
834 970 907 1010 ex
948 969 1018 1010 ea
1045 950 1290 1012 victoria
1316 951 1412 1010 vel
1438 951 1656 1030 praedas
1694 950 2025 1029 cujuspiam
2055 949 2146 1010 vel
2175 949 2409 1010 ultionis
2434 969 2533 1010 ac-

312 1048 494 1127 cepit,
523 1049 632 1107 nisi
661 1049 824 1127 quod
855 1048 1101 1108 Domitii
1126 1048 1335 1108 milites
1373 1057 1738 1109 sacramento
1777 1048 1996 1127 adegit,
2040 1067 2155 1107 non
2203 1046 2415 1108 invitos
2463 1057 2531 1108 ut

308 1145 585 1219 arbitror,
634 1146 737 1207 sed
780 1168 855 1208 eo
896 1147 1169 1208 libentius
1208 1148 1495 1228 jurantes,
1543 1167 1665 1227 quo
1709 1145 1934 1206 felicius
1978 1155 2068 1204 est
2110 1144 2219 1204 sub
2264 1144 2529 1223 sequaci,

316 1261 499 1320 quam
524 1246 641 1305 sub
681 1245 882 1325 fugaci
907 1245 1059 1306 duce
1083 1243 1395 1319 ⁶²militari‚
1436 1247 1687 1325 vulgatis
1729 1265 1865 1305 sane
1904 1264 2038 1324 quae
2080 1244 2155 1304 ad
2202 1242 2532 1304 corfinium

312 1352 451 1400 acta
473 1352 658 1412 erant,
692 1344 937 1404 multum
974 1353 1162 1404 metus
1204 1343 1478 1404 omnibus
1507 1343 1837 1424 demptum,
1869 1342 2237 1421 multumque
2266 1342 2390 1420 spei
2425 1341 2535 1400 ads

314 1437 530 1512 ditum,
580 1440 1074 1519 cognoscentibus
1101 1444 1394 1504 Caesarem
1434 1441 1577 1501 nihil
1620 1442 1778 1501 bello
1803 1440 1913 1500 nisi
1941 1441 2244 1500 victoriam
2294 1447 2529 1517 petere:

317 1535 477 1596 unde
506 1547 573 1596 ut
598 1537 846 1597 diximus
866 1546 927 1598 et
949 1536 1332 1599 ⁶³Tustorum
1358 1538 1559 1619 populi
1588 1547 1648 1598 et
1675 1538 1862 1598 omnis
1894 1537 2160 1611 Umbria,
2184 1537 2365 1617 pulsis
2393 1535 2532 1597 inde

314 1633 601 1722 presidiis
627 1634 704 1694 ad
735 1637 1029 1696 Caesarem
1057 1637 1369 1697 transiere:
1426 1648 1605 1715 atque
1626 1635 1716 1696 ita.
1732 1636 1907 1696 rebus
1935 1656 2041 1695 suo
2071 1655 2231 1695 more
2258 1632 2534 1694 velociter

315 1731 495 1810 gestis
523 1751 593 1791 ac
620 1751 918 1812 prospere,
962 1753 1097 1795 cum
1117 1735 1245 1812 jam
1274 1754 1477 1794 secum
1507 1735 1707 1794 Gallia
1751 1733 1942 1793 omnis
1972 1732 2251 1812 cisalpina
2275 1731 2535 1806 sentiret,

314 1845 558 1908 magnas
598 1839 792 1908 partes
829 1831 1012 1891 Italiae
1068 1831 1261 1912 primo
1314 1834 1631 1912 occupavit
1676 1832 1952 1893 adventu.
2038 1830 2154 1891 Sed
2203 1849 2342 1889 cum
2399 1850 2535 1910 spes

316 1926 545 1985 caeteris
572 1928 870 2001 omnibus,
902 1929 1012 1990 soli
1038 1930 1329 2010 Pompejo
1356 1940 1534 2011 atque
1572 1932 1812 1992 Senatui
1837 1929 2076 1990 additus
2118 1928 2312 2001 timor,
2342 1929 2442 2008 qui
2474 1928 2536 1989 in

316 2024 581 2086 Domitio
597 2026 846 2087 multum
874 2030 1158 2088 momenti
1184 2042 1582 2109 reposuerant,
1609 2039 1670 2090 et
1698 2048 1852 2108 saepe
1880 2049 2013 2088 eum
2046 2047 2151 2109 per
2177 2027 2375 2088 literas
2399 2045 2537 2087 evo-

316 2131 519 2182 catum
548 2125 978 2203 expectabant:
1026 2126 1236 2205 Itaque
1264 2126 1579 2187 confestim
1597 2127 1919 2208 Pompejus
1947 2127 2198 2187 Luceria
2225 2125 2538 2204 digressus,

314 2219 420 2279 ubi
461 2220 604 2282 belli
631 2221 832 2282 sedem
873 2223 1143 2283 statuisse
1184 2224 1519 2298 videbatur,
1567 2226 1961 2286 Brundusium
2011 2225 2199 2305 petiit,
2244 2233 2309 2284 ut
2347 2221 2535 2283 Italiae

312 2316 483 2379 litore
511 2318 571 2378 in
600 2329 864 2380 extremo
913 2323 1244 2401 promptior
1288 2334 1446 2384 esset
1492 2322 1569 2384 ad
1619 2324 1956 2385 transitum:
2013 2324 2094 2383 ita
2139 2321 2292 2382 enim
2337 2322 2536 2380 animo

314 2414 678 2487 decreverat,
717 2417 918 2477 relicta
967 2420 1152 2491 Italia,
1202 2422 1586 2481 transmarina
1614 2429 1872 2482 tentare:
1930 2420 2052 2480 sive
2096 2419 2157 2479 id
2201 2429 2356 2479 metu
2407 2415 2536 2476 solo

314 2514 589 2593 pellente,
620 2516 742 2573 sive
770 2516 1091 2577 intentione
1116 2518 1233 2591 illa,
1278 2539 1456 2598 quam
1483 2518 1663 2599 paulo
1691 2528 1830 2580 ante
1867 2538 1941 2577 ex
1966 2518 2216 2596 epistola
2244 2514 2538 2576 Ciceronis

312 2612 494 2675 elicui
521 2623 703 2690 atque
722 2614 994 2692 exposui.
1077 2616 1274 2676 Caesar
1301 2625 1497 2676 autem
1528 2636 1760 2695 semper
1797 2615 2167 2696 propinquus
2194 2621 2371 2690 atque
2400 2629 2539 2671 con·

310 2710 508 2790 tignus
536 2709 807 2793 hostibus
847 2732 977 2772 esse
1002 2711 1297 2785 festinans,
1342 2734 1463 2774 non
1493 2714 1605 2773 nisi
1634 2722 1854 2793 septem
1884 2713 2108 2773 dierum
2152 2729 2316 2770 mora
2352 2705 2538 2768 Corfi-

310 2809 469 2868 nium
498 2817 730 2879 exacta,
759 2829 832 2870 eo
859 2809 988 2889 ipso
1016 2810 1173 2872 duce
1200 2831 1324 2892 quo
1355 2811 1677 2873 Domitium
1706 2809 2032 2890 “captivos
2060 2807 2380 2877 dimiserat,
2410 2824 2540 2865 mo·

312 2904 387 2965 tis
416 2907 628 2968 castris
668 2907 727 2967 in
768 2908 1050 2991 Apuliam
1094 2912 1369 2990 perrexit.
1455 2912 1675 2989 Operae
1702 2907 1956 2989 pretium
1999 2904 2106 2963 nisi
2145 2902 2313 2963 fallor
2339 2901 2537 2973 fuerit,

313 3004 456 3083 quid
486 3004 564 3065 de
586 3006 675 3065 bis
692 3004 1050 3087 ⁶⁵quomodo
1072 3010 1548 3081 memoravimus,
1565 3008 1766 3087 etipse
1785 3006 1988 3066 Caesar
2012 3011 2074 3063 et
2099 3000 2196 3059 alii
2226 2999 2536 3060 senseriutz

313 3120 449 3163 cum
486 3102 647 3162 enim
694 3104 1018 3166 clementias
1056 3107 1207 3187 ejus,
1236 3126 1416 3187 quam
1464 3106 1727 3167 Domitio
1764 3102 2052 3166 acerrimo
2100 3098 2277 3172 hosti,
2327 3106 2389 3157 et
2432 3096 2537 3176 qui

314 3199 572 3259 tumultu
595 3199 654 3258 in
671 3199 771 3260 illo
785 3200 1127 3280 reipublicae
1148 3223 1454 3264 successor
1472 3205 1582 3264 sibi
1605 3203 1946 3277 destinatus,
1963 3202 2017 3280 [1
2035 3198 2139 3275 87]
2155 3207 2217 3258 et
2231 3195 2307 3257 ad
2330 3214 2542 3255 consu·

312 3295 497 3356 latum
528 3297 795 3377 aspirans
825 3299 980 3360 sicut
999 3300 1258 3362 diximus
1285 3302 1396 3362 sibi
1422 3302 1774 3373 minabatur,
1796 3299 2165 3368 exhibuerat,
2183 3295 2341 3356 fama
2370 3301 2435 3354 ut
2461 3291 2540 3352 ad

316 3393 535 3464 hostes,
560 3395 647 3454 sic
672 3394 750 3455 ad
782 3397 1001 3457 amicos
1026 3398 1203 3458 etiam
1232 3390 1633 3478 pervenisset}
1686 3398 1924 3476 duoque
1953 3395 2068 3456 sibi
2093 3388 2540 3462 familiarissimi,

315 3489 624 3551 Cornelius
655 3491 875 3552 Balbus
904 3502 1082 3572 atque
1112 3494 1372 3574 Oppius,
1402 3494 1624 3555 factum
1651 3495 1779 3573 ejus
1812 3514 1920 3573 per
1945 3494 2140 3554 literas
2171 3491 2543 3551 vehementer

311 3585 671 3658 laudassent,
698 3590 1091 3668 responsionis
1117 3592 1410 3652 Caesareae
1434 3601 1601 3652 extat
1626 3591 1891 3670 epistola,
1923 3609 2058 3668 quae
2101 3587 2245 3648 mihi
2274 3605 2447 3657 nuuc,
2483 3594 2545 3645 et

313 3693 563 3764 propter
580 3685 890 3747 scribentis
910 3690 1346 3761 auctoritatem,
1367 3701 1425 3749 et
1448 3696 1693 3770 propter
1710 3688 1890 3767 ipsius
1906 3686 2172 3766 epistolas
2199 3681 2541 3762 gravitatem

313 3800 383 3841 ac
412 3782 777 3854 brevitatem,
823 3783 1004 3863 digna
1050 3787 1142 3847 bis
1186 3787 1362 3847 inseri
1394 3787 1515 3847 visa
1541 3794 1652 3856 est,
1700 3805 1770 3845 ea
1811 3804 1949 3844 vero
1999 3790 2090 3842 est
2138 3780 2314 3859 hujus
2344 3777 2540 3839 modi:

314 3886 334 3913 ‘
362 3881 568 3940 Coesar
594 3881 798 3959 Oppio
825 3883 1216 3963 Cornelioque
1255 3885 1528 3946 salutem.
1613 3882 1870 3945 Gaudeo
1910 3879 2203 3940 mehercle
2233 3898 2332 3937 vos
2367 3874 2546 3955 signi·

316 3973 497 4038 ficare
546 3977 725 4038 literis
775 3999 952 4058 quam
992 3982 1160 4042 valde
1207 3983 1472 4063 probetis
1514 4003 1585 4043 ea
1623 4001 1758 4061 quoe
1810 3979 1970 4059 apud
2026 3974 2351 4038 Corfinium
2407 3982 2546 4035 sunt

319 4082 518 4150 gesta:
578 4075 829 4135 consilio
873 4088 1066 4139 vestro
1106 4089 1240 4141 utar
1287 4080 1572 4141 libenter.
1630 4088 1692 4138 et
1732 4077 1848 4137 hoc
1897 4074 2168 4136 libentius
2213 4072 2375 4151 quod
2413 4089 2546 4133 mea

380 4221 446 4268 ω
468 4219 631 4285 Lege,
649 4221 863 4274 naman-e
865 4230 1010 4277 .--6⁸
1051 4228 1209 4296 Lege,
1233 4229 1503 4285 morum.
1505 4232 1637 4280 -04
1677 4223 1905 4278 Videtur
1932 4219 2229 4287 legendum,
2247 4216 2547 4285 cmm

328 4298 581 4354 “lm-“⁶⁶
604 4303 771 4371 1⁸8²,
786 4321 895 4371 Μ
913 4310 1067 4360 ΜΟ·
