3117 5025
891 405 987 454 nn
1014 419 1027 430 ·
1056 403 1232 455 vrrs
1277 406 1484 456 sonu
1532 406 1891 458 emulus.
2330 395 2503 462 1765

278 546 481 609 tudine
498 547 813 628 copiarum
830 548 1058 631 liquido
1086 561 1291 613 notum
1322 551 1485 615 fecit.
1542 555 1620 615 Et
1641 552 2038 615 Induciomari
2057 555 2294 635 quidem
2314 565 2501 620 morte

276 646 607 707 Galliarum
660 648 904 709 rebellio
960 670 1077 710 non
1135 652 1394 729 quievit:
1465 652 1782 731 propinqui
1835 653 1968 731 ejus
2023 663 2092 714 ut
2160 653 2386 734 imperii
2439 667 2503 716 et

274 745 559 823 propositi
588 765 980 819 successores,
1027 767 1233 809 omnes
1282 771 1433 829 quos
1478 760 1742 829 poterant
1770 752 2156 824 concitantes,
2203 753 2504 815 Ambiori-

275 862 410 921 gem
449 845 581 924 jam
624 845 905 905 Romanis
932 847 1154 906 scelere
1175 867 1285 908 suo
1317 848 1566 908 invisum
1598 848 1706 908 sibi
1735 848 1985 910 sociant.
2068 851 2337 912 Sentiens
2366 854 2500 913 Cu>-

275 962 370 1001 sar
413 944 677 1004 Senones
728 963 863 1003 cum
914 945 1271 1005 Carnutibus
1312 946 1672 1024 conjurasse,
1716 950 2047 1008 Germanos
2093 949 2153 1008 in
2199 949 2415 1009 bellum
2463 969 2502 1010 a
2581 1019 2592 1036 ι

273 1040 537 1101 Treviris
590 1042 875 1112 excitari:
922 1044 1136 1102 multos
1180 1043 1311 1120 jam
1370 1045 1624 1125 populos
1651 1065 1778 1105 esse
1825 1045 1883 1104 in
1931 1046 2121 1120 armis,
2170 1057 2230 1106 et
2278 1046 2504 1108 fervere

274 1151 496 1199 cuncta
549 1140 935 1212 tumultibusg
1005 1141 1146 1200 nihil
1187 1138 1643 1203 ⁶⁷desereudnm
1700 1143 2056 1214 existimans,
2108 1154 2241 1204 unte
2294 1144 2502 1205 hiemis

276 1236 457 1297 finem
505 1248 568 1297 et
613 1250 751 1298 ante
788 1239 1052 1299 omnium
1086 1239 1421 1319 opinionem
1451 1240 1599 1302 fines
1629 1242 1887 1302 hostium
1917 1241 2268 1321 improvisus
2296 1260 2504 1321 aggre-

271 1336 461 1408 ditur,
488 1347 549 1397 et
577 1339 801 1397 nullum
829 1339 910 1397 eis
926 1338 1290 1400 deliberandi
1318 1354 1421 1400 aut
1450 1340 1836 1401 conveniendi
1860 1339 2111 1420 spatium
2135 1339 2496 1419 relinquens,

268 1434 393 1495 iate
420 1434 619 1495 omnia
645 1436 980 1514 populatur,
1012 1448 1071 1497 et
1098 1436 1298 1516 praeda
1320 1437 1613 1498 militibus
1636 1436 1953 1518 peruiissag
1998 1437 2214 1498 multos
2236 1437 2492 1497 bostium

270 1531 453 1591 datos
480 1533 540 1592 in
568 1533 926 1593 deditionem
956 1534 1216 1614 recepit3
1260 1545 1385 1595 tutu
1418 1536 1587 1614 quasi
1617 1535 1759 1594 nihil
1787 1535 2003 1615 egisset
2028 1536 2089 1596 in
2120 1535 2364 1596 hiberna
2412 1553 2500 1595 re-

271 1629 545 1691 vertitur.
626 1631 776 1691 Inde
807 1632 959 1692 veris
989 1631 1172 1704 initio,
1203 1633 1421 1693 Galliae
1448 1634 1760 1694 concilium
1790 1630 2091 1693 ⁶⁸indicat.
2131 1632 2306 1712 [104]
2335 1634 2503 1693 Con-

271 1739 565 1788 venerunt
591 1747 795 1790 omues
824 1741 1042 1809 praeter
1085 1731 1359 1791 Treviros
1406 1741 1465 1791 et
1515 1732 1771 1792 Senones
1812 1742 1873 1792 et
1920 1732 2240 1791 Carnutes:
2285 1732 2494 1791 borum

272 1825 377 1886 ille
405 1828 837 1887 contumaciam
868 1828 1039 1908 quasi
1070 1830 1366 1908 quandam
1400 1830 1539 1890 belli
1565 1831 1795 1890 arrham
1839 1829 2177 1907 accipiensg
2223 1848 2298 1888 uc
2349 1827 2500 1886 hauc

272 1945 399 1985 rem
430 1925 720 2005 negligere
748 1924 1072 1997 videretun
1122 1926 1437 1987 concilium
1463 1927 1539 1986 ad
1576 1928 1864 1988 Lutetiam
1895 1928 2261 1987 pariseorum
2304 1943 2501 1986 rursus

270 2022 517 2082 indicit:
563 2021 624 2082 bi
652 2022 983 2082 Senonibus
1011 2024 1262 2102 proximi
1291 2034 1445 2084 suut.
1530 2024 1680 2085 inde
1726 2024 1903 2104 igitur
1942 2023 2249 2103 profectus
2295 2023 2352 2082 in
2398 2024 2502 2082 Se-

270 2140 476 2192 nones,
509 2129 629 2181 tam
658 2131 922 2200 repente,
954 2131 1021 2181 nt
1049 2140 1158 2181 uec
1191 2120 1347 2200 sugoe
1375 2121 1489 2182 illis
1518 2141 1627 2182 nec
1655 2122 2010 2183 defensionis
2035 2121 2272 2201 copiam
2310 2120 2497 2191 daret,

269 2217 692 2297 resipiscentes
740 2229 797 2279 et
846 2238 953 2299 per
988 2218 1216 2297 legatos
1242 2218 1467 2278 veniam
1498 2220 1861 2298 postulantes
1889 2218 2195 2282 Eduorum
2225 2217 2500 2298 precibus

272 2328 477 2376 motus
504 2315 741 2376 admisit
765 2339 782 2387 ς
828 2326 1064 2377 centum
1094 2315 1247 2377 datis
1274 2316 1604 2389 obsidibus,
1638 2338 1789 2397 quos
1817 2316 2137 2378 servandos
2173 2316 2353 2377 Ednis
2396 2314 2500 2374 ‹le-

269 2414 405 2475 dit:
450 2414 641 2476 secuti
661 2415 949 2475 Carnutes
978 2413 1292 2474 deditionis
1315 2414 1676 2494 exemplum,
1723 2426 1783 2475 et
1811 2414 2047 2475 obsides
2092 2413 2395 2485 miserunt,
2438 2421 2502 2472 et

270 2513 637 2574 Rhemorum
668 2511 946 2593 precibus
975 2510 1198 2573 veniam
1230 2525 1586 2574 meruerunt.
1671 2514 1770 2575 Sic
1799 2515 1858 2574 in
1878 2514 2089 2575 animis
2118 2522 2258 2573 tunc
2287 2511 2497 2573 Gallo-

268 2631 402 2671 rum
429 2609 636 2671 odium
670 2620 982 2691 metusque
1003 2612 1334 2684 certabant,
1364 2621 1433 2672 ut
1457 2612 1648 2692 primo
1673 2632 1884 2691 pacem
1913 2632 2142 2673 servare
2180 2607 2499 2689 ⁶’incipere

268 2729 352 2782 se,
387 2709 656 2769 seeundo
687 2709 905 2769 bellum
934 2729 1132 2789 gerere
1168 2709 1355 2783 vetiti,
1398 2711 1699 2790 perpetuis
1727 2723 1907 2790 atque
1955 2709 2191 2771 incertis
2241 2708 2497 2770 motibus

268 2808 323 2843 ⁷⁰
343 2805 733 2867 fluctuatunt.
821 2804 932 2867 His
960 2805 1287 2868 incidenter
1313 2809 1531 2869 exactis
1558 2810 1633 2870 nd
1657 2811 1974 2869 concilium
2006 2810 2208 2869 Caesur
2234 2806 2406 2877 redit,
2436 2815 2499 2866 et

268 2902 579 2966 sederatis
596 2905 942 2966 civitatibus
971 2905 1240 2986 equitatu
1270 2906 1518 2979 indicto,
1548 2918 1609 2968 et
1639 2919 1806 2987 parte
1836 2907 2052 2969 Gallioe
2088 2914 2320 2983 pacata,
2368 2912 2496 2964 toto

266 3003 473 3062 animo
500 3022 825 3064 conversus
852 3004 912 3063 in
940 3004 1216 3065 Treviros
1256 3003 1674 3087 perfidumque
1708 3005 2111 3083 Ambiorigem
2133 3022 2206 3063 eo
2233 2999 2500 3082 proficis-

268 3099 325 3160 ci
350 3101 633 3162 instituit.
718 3103 957 3162 Etcum
987 3105 1283 3164 Senonum
1330 3105 1635 3185 equitibus
1681 3103 2038 3166 Cavarinum
2086 3120 2277 3182 regem
2306 3097 2496 3180 gentis

268 3218 475 3259 secum
506 3199 699 3272 duxit,
728 3218 803 3260 ne
834 3199 882 3260 si
910 3220 1044 3261 eum
1092 3203 1255 3263 domi
1301 3205 1675 3283 relinqueret,
1734 3204 1828 3264 vel
1867 3223 1941 3264 ex
1977 3200 2132 3261 'odio
2181 3199 2388 3279 populi
2435 3198 2497 3261 in

268 3316 429 3367 eum,
460 3297 553 3357 vel
582 3316 655 3356 ex
686 3298 769 3357 ira
818 3296 948 3374 ejus
995 3300 1050 3358 in
1102 3301 1411 3380 populum,
1462 3302 1671 3381 aliquis
1716 3301 1774 3361 iu
1824 3301 1969 3362 urbe
2011 3311 2203 3359 motus
2230 3298 2496 3357 oriretur.

272 3395 459 3455 Erant
507 3414 647 3454 saue
698 3396 960 3475 Menapii
1028 3395 1294 3458 confines
1354 3398 1720 3471 Eburonum,
1791 3397 2145 3476 Ambiorigis
2213 3395 2495 3473 hospites,

269 3493 451 3552 amici
492 3493 670 3552 etiam
715 3496 1166 3557 Germanorum.
1248 3497 1450 3557 Caesar
1491 3497 1889 3577 Ambiorigem
1960 3515 2021 3554 se
2082 3493 2288 3573 proelio
2337 3512 2498 3551 com-

272 3589 509 3651 mittere
563 3610 683 3651 non
739 3610 1014 3652 ausurum
1070 3612 1178 3672 pro
1227 3596 1531 3675 comperto
1579 3595 1822 3667 babens,
1871 3596 1977 3654 hos
2027 3591 2330 3651 auxiliares
2384 3587 2497 3648 sibi

268 3687 585 3768 praeripere
615 3691 897 3748 censebat
926 3689 1143 3762 utilius,
1177 3708 1353 3770 quam
1384 3692 1578 3771 ipsum
1613 3693 1773 3754 illum
1804 3691 1961 3752 bello
1986 3688 2264 3769 aggredit
2309 3706 2383 3745 ne
2409 3686 2497 3746 sic

269 3786 499 3845 eumin
546 3784 746 3865 fugam
785 3796 961 3866 atque
1013 3787 1072 3848 iu
1120 3790 1378 3851 latebras
1421 3800 1676 3869 cogeret,
1728 3789 1891 3869 quod
1949 3788 2223 3848 nolebat:
2268 3784 2500 3845 duabus

269 3881 449 3961 igitur
478 3883 832 3963 legionibus,
885 3904 1023 3944 cum
1050 3887 1325 3947 omnibus
1375 3887 1809 3966 impedimentis
1852 3887 2145 3946 exercitus
2189 3882 2376 3943 missis
2417 3882 2494 3942 ad

270 3979 627 4051 Labienum,
676 3981 1061 4043 Trevirorum
1112 3994 1251 4044 tunc
1296 3985 1352 4044 in
1399 3984 1621 4046 finibus
1653 3996 1717 4045 ut
1745 3986 2002 4045 diximus
2052 3983 2447 4043 hibernantem
2473 4002 2493 4052 ς

269 4077 392 4156 ipse
420 4099 559 4138 cum
592 4078 829 4156 reliquis
858 4085 1049 4155 (erant
1076 4090 1270 4143 autem
1303 4084 1567 4164 quinque
1610 4083 2066 4164 expeditissimae
2113 4082 2391 4161 legiones)
2434 4078 2496 4139 in

331 4244 395 4290 6⁷
440 4241 603 4307 Lege,
636 4240 1101 4307 differendum—68
1148 4244 1305 4311 Lege,
1325 4243 1650 4296 indicia—69
1691 4245 1848 4311 Lege,
1881 4244 2305 4311 incipientem—⁷⁰
2339 4242 2497 4305 Lege»
