3117 5025
532 397 707 468 1686
1347 420 1451 471 An
1500 421 1923 471 mucronum.

529 565 760 650 pulum
785 564 916 633 sibi
944 567 1274 634 exemisse
1313 565 1735 634 Gerhardum
1766 569 1813 636 J
1818 587 2096 635 oannem
2123 567 2469 635 Vossium.
2557 564 2731 632 Eum

528 671 702 736 enim
727 670 964 737 docere
986 670 1167 736 Celsi
1191 673 1696 737 commentarios
1723 672 1802 748 δὶς
1826 673 1918 735 διὰ
1939 678 2137 737 πασῶν
2163 692 2206 738 a
2227 669 2729 739 Commentariis

530 769 824 839 Caesaris
852 771 1128 851 differre,
1168 784 1240 836 ut
1268 773 1493 852 sciunt,
1536 775 1745 840 verba
1770 781 1927 840 sunt
1951 775 2207 854 Vossii‚
2253 774 2363 862 qui
2408 795 2544 838 cum
2594 769 2731 837 Cae-

524 895 664 939 sare
715 875 1101 940 contuleruut
1146 875 1475 941 editionem
1532 874 1701 940 Celsi
1745 877 1902 941 anm·
1952 887 2479 942 mccc‘chxxm.
2527 874 2728 961 paulo

528 981 686 1063 post
711 980 1043 1046 subnectit
1082 979 1187 1044 his
1217 979 1624 1048 Godwiuus:
1674 977 1817 1068 Ego
1857 1002 1998 1044 vero
2026 978 2256 1067 fateor
2297 1001 2390 1044 me
2431 974 2729 1065 ςιαεηιοάί

530 1079 698 1147 Celsi
727 1080 1051 1147 editionem
1082 1105 1247 1148 anno
1276 1101 1395 1150 clo
1420 1101 1892 1149 cccchxxm.
1901 1080 2185 1200 factam,
2213 1083 2491 1169 quamvis
2517 1078 2727 1146 sedulo

523 1183 594 1248 in
622 1182 1020 1252 celeberrimis
1054 1185 1456 1252 Bibliotheca}
1484 1186 1867 1274 requisitam,
1899 1209 2022 1251 uon
2057 1186 2374 1251 invenisse.
2447 1184 2728 1270 Accipis

522 1288 720 1374 igitur
742 1308 916 1354 nunc
957 1291 1068 1355 hic
1096 1291 1247 1355 illos
1274 1292 1618 1375 quaesitos,
1659 1297 1729 1356 et
1753 1309 1797 1354 a
1821 1271 2048 1356 multis
2080 1290 2242 1356 viris
2272 1290 2489 1355 doctis
2516 1306 2725 1372 expe·

520 1391 679 1457 titos
705 1390 753 1456 J
757 1391 873 1456 uln
903 1389 1083 1457 Celsi
1112 1393 1644 1459 commentarios,
1733 1390 1914 1459 Nam
1950 1391 2125 1457 hunc
2165 1390 2453 1456 indicem
2502 1389 2726 1473 magni

518 1490 755 1559 Vossii
812 1497 1274 1562 auctoritatem
1332 1495 1542 1569 secuti
1600 1493 2053 1581 praefixerunt,
2112 1494 2422 1578 quamvis
2476 1511 2601 1558 nec
2652 1492 2727 1556 in

515 1594 728 1662 fronte
755 1597 959 1677 illius,
987 1598 1164 1663 unde
1192 1598 1343 1665 haec
1371 1598 1615 1683 prodit,
1651 1598 1965 1663 editionis
1991 1598 2281 1662 auctoris
2306 1616 2566 1675 nomen,
2606 1601 2727 1662 aut

516 1697 733 1781 ipsius
759 1698 912 1764 libri
939 1704 1004 1764 et
1031 1701 1174 1786 ejus
1201 1703 1572 1784 argumenti
1601 1700 1950 1785 inscriptio
1977 1699 2450 1784 conspiciatur,
2494 1718 2619 1764 nec
2654 1698 2724 1763 in

518 1800 730 1880 calce,
762 1801 829 1865 in
859 1822 995 1888 qua
1035 1809 1289 1871 tantum
1334 1803 1946 1890 legitur:”Explicit
1994 1801 2172 1868 liber.
2264 1799 2406 1866 Deo
2450 1802 2724 1889 gratias.

516 1899 707 1966 Anno
739 1900 1008 1969 Domini
1037 1924 1158 1973 clo
1191 1923 1688 1987 ccconxxm„
1727 1913 1801 1973 ut
1825 1908 2067 1973 rectius
2112 1906 2496 1989 scriptorem
2524 1903 2723 1988 hujus

514 2010 967 2074 commentarii
1021 2008 1386 2095 Dionysius
1435 2010 1729 2076 Vossius
1776 2029 2172 2094 anonymum
2214 2017 2428 2076 vocet.
2528 2008 2722 2077 Certe

511 2107 737 2175 Julius
784 2109 1021 2176 Celsus
1070 2113 1139 2177 in
1188 2112 1305 2177 illo
1353 2112 1684 2192 laudatur,
1733 2118 1815 2179 ut
1869 2112 2054 2177 Celsi
2098 2131 2251 2176 esse
2297 2131 2430 2177 non
2481 2113 2721 2197 possit.

513 2209 695 2278 Nam
734 2231 889 2278 cum
927 2213 989 2278 is
1032 2221 1616 2281 commemorasset
1658 2215 1918 2280 cladem
1966 2213 2296 2279 Romanae
2343 2214 2592 2297 legioni
2631 2214 2722 2279 ab

512 2312 896 2400 Ambiorige
923 2315 1216 2383 illatam:
1263 2314 1666 2396 admonuisse,
1696 2317 1933 2401 inquit,
1964 2315 2245 2381 lectorem
2273 2313 2514 2396 vellem,
2557 2314 2725 2403 quod

511 2413 842 2483 Suetonius
877 2416 1309 2506 Tranquillus,
1339 2429 1556 2484 auctor
1585 2419 1972 2501 certissimus,
2022 2416 2482 2485 Germanorum
2510 2417 2623 2485 hoc
2649 2419 2718 2484 in

485 2520 735 2605 finibus
778 2522 1067 2587 accidisse
1110 2522 1202 2587 ait
1227 2548 1249 2590 .-
1303 2521 1521 2588 Julius
1551 2534 1760 2589 autem
1794 2521 2006 2589 Celsus
2050 2544 2263 2602 comes,
2302 2536 2362 2588 et
2385 2525 2501 2609 qui
2538 2522 2719 2590 rebus

506 2620 828 2711 interfuit,
864 2623 1235 2692 Eburonum
1262 2627 1328 2692 in
1340 2626 1860 2713 finibusfactum
1890 2638 2106 2696 censet.
2181 2627 2486 2695 Meminit
2512 2628 2716 2695 etiam

508 2726 693 2795 Celsi
738 2730 810 2795 in
855 2730 1008 2795 aliis
1050 2731 1245 2812 locis,
1282 2731 1592 2816 inprimis
1637 2732 1709 2797 in
1753 2734 1893 2815 illo,
1939 2733 2058 2799 ubi
2107 2736 2335 2798 narrat
2377 2731 2716 2798 Coenam

506 2830 821 2899 Bibracte
860 2835 1166 2920 hyemare
1208 2837 1650 2916 constituisse,
1698 2835 1786 2902 de
1828 2857 1964 2923 quo
2009 2838 2158 2923 ipse
2206 2833 2440 2901 Coesas
2470 2836 2609 2918 agit
2646 2836 2715 2900 in

505 2933 981 3003 Commentarii
1031 2941 1295 3023 septimi
1342 2937 1427 3004 de
1476 2940 1650 3004 bello
1709 2939 1978 3005 Gallico
2025 2938 2175 3004 fine.
2265 2934 2424 3014 Hic,
2475 2937 2711 3021 lnquit,

500 3035 722 3121 incipit
749 3048 1001 3103 octavus
1046 3038 1646 3107 Commentariorum
1679 3038 1839 3105 liber
1867 3061 2044 3127 quem
2079 3036 2252 3125 fecit
2299 3036 2522 3103 Julius
2569 3035 2714 3104 Cel-

498 3154 601 3203 eus
620 3163 645 3213 ,-
684 3151 906 3225 septem
937 3152 1143 3208 autem
1166 3144 1401 3230 primos
1433 3155 1494 3209 et
1536 3165 1726 3230 usque
1768 3142 1856 3208 ad
1904 3142 2066 3207 hunc
2100 3162 2348 3227 passum
2369 3139 2538 3227 fecit
2585 3141 2712 3227 ipse

503 3238 736 3321 Caesar,
765 3245 1048 3329 quamvis
1075 3243 1175 3310 hic
1204 3256 1382 3311 actor
1409 3245 1573 3333 (leg.
1604 3244 1855 3331 auctor)
1896 3245 2141 3332 aliquot
2177 3244 2246 3309 in
2274 3243 2424 3310 Iocis
2458 3254 2708 3309 coutra-

499 3342 677 3427 dicit,
734 3356 795 3410 et
847 3346 1010 3411 male
1071 3347 1365 3415 Cicerone
1409 3358 1580 3428 teste,
1625 3359 1685 3416 et
1731 3349 1866 3437 ipso
1920 3346 2099 3415 Celso
2149 3348 2216 3413 in
2266 3346 2524 3436 prologo
2575 3369 2707 3413 sno.

498 3449 680 3516 Haec
706 3456 931 3517 tamen
959 3472 1093 3519 non
1120 3452 1429 3519 videntur
1456 3454 1673 3539 ipsius
1699 3454 2010 3540 anonymi
2033 3472 2209 3531 esse,
2239 3451 2359 3518 sed
2386 3452 2472 3517 ab
2501 3451 2710 3535 impe-

496 3551 623 3618 rito
688 3552 954 3619 homine
1022 3557 1337 3641 ascripta,
1387 3558 1502 3641 qui
1548 3559 1724 3622 hunc
1772 3556 2086 3641 anonymi
2131 3555 2375 3620 librum
2423 3553 2710 3620 cndidit

495 3673 643 3720 esse
688 3655 883 3741 ipsos
934 3655 1230 3725 Caesaris
1287 3657 1835 3739 Commentarios,
1893 3678 2045 3724 cum
2102 3676 2470 3743 anonymus
2521 3655 2708 3722 sulio

499 3752 704 3823 Celso
729 3759 882 3825 illos
911 3759 1180 3842 tribuat,
1212 3767 1285 3827 ut
1308 3780 1397 3828 ex
1425 3763 1647 3829 verbis
1675 3763 1784 3828 his
1808 3761 2032 3829 videre
2056 3761 2237 3841 lieet,
2258 3757 2476 3823 Julius
2502 3767 2710 3823 autem

503 3855 717 3926 Celsus
745 3883 957 3941 comes,
989 3874 1049 3928 et
1079 3863 1190 3952 qui
1221 3862 1400 3929 rebus
1434 3864 1754 3952 interfuit,
1797 3862 2166 3931 Eburonum
2194 3863 2262 3928 in
2291 3859 2532 3947 finibus
2549 3855 2710 3949 faca-

493 3971 625 4026 tum
656 3975 870 4029 censet.
960 3966 1143 4032 Nam
1170 3970 1240 4035 in
1269 3966 1539 4036 Caesare
1566 3970 1872 4053 legimus,
1913 3967 2216 4034 victoriae
2246 3964 2427 4029 illius
2464 3962 2706 4029 Ambi-

490 4068 744 4151 origem
787 4070 1068 4154 potitum
1106 4090 1253 4138 esse
1298 4074 1368 4138 in
1412 4072 1834 4139 Eburonibus
1880 4072 1986 4138 sui
2023 4070 2198 4156 juris
2237 4066 2534 4154 populis.
2623 4065 2703 4131 Si

491 4188 858 4256 anonymus
887 4176 993 4237 est
1017 4179 1252 4243 auctor¹
1270 4175 1554 4255 illorum,
1594 4195 1750 4261 quae
1794 4172 1880 4239 de
1923 4172 2151 4238 octavi
2193 4170 2342 4237 libri
2383 4170 2703 4253 scriptum

490 4271 674 4355 “pud
700 4272 883 4339 illum
910 4273 1177 4359 prodita
1203 4277 1403 4343 modo
1433 4278 1896 4363 cognovimus,
1926 4293 2121 4359 oeque
2145 4292 2337 4340 smmi
2374 4287 2703 4338 commm-
