3117 5025
1144 366 1669 421 mssn‘n‘no.
2326 356 2507 428 1903

281 511 625 577 Μαι
652 512 813 576 hunc
853 512 1228 594 scriptorem,
1255 515 1467 597 hisque
1505 518 1872 598 temporibus
1900 517 2224 598 juniorem,
2250 527 2524 601 arguunt.

286 617 376 674 tot
426 612 714 675 immixtae
757 631 935 673 voces
982 614 1217 675 Graecae
1246 624 1427 695 atque
1456 614 1866 678 ,Hellenismi..
1920 616 2043 688 Qui
2083 617 2270 679 mixto
2308 628 2524 686 esseut⁴

282 727 515 791 genere,
564 710 864 773 Hibridas
917 711 1182 792 appellat
1230 732 1369 793 cap.
1432 723 1529 785 19.
1617 713 2065 795 Hippotoaeoias
2121 715 2305 776 babet
2356 716 2524 776 ibid..

268 808 589 888 ’,Ερίῠοίω
646 827 787 887 cap.
819 805 1062 896 2ρ.-62.
1104 807 1208 871 63.
1308 809 1690 889 catascopus·
1729 830 1867 890 cap.
1913 810 2013 875 26.
2097 807 2177 872 In
2221 810 2350 874 salo
2388 831 2510 874 eut

282 905 427 970 huic
481 906 711 972 auctori
766 925 904 985 cap.
956 903 1058 967 46.
1114 903 1216 971 62.
1269 905 1372 970 63.
1426 907 1779 969 tantundem
1826 908 2005 981 valet,
2059 907 2226 988 quod
2273 908 2510 970 Grecis

284 1005 577 1078 σαλεύειν,
606 1012 668 1064 et
708 1002 1095 1076 διασαλεύειν,
1148 1013 1210 1065 et
1249 1003 1326 1064 de
1365 1005 1501 1065 navi
1542 1005 1780 1079 dicitur,
1811 1026 1948 1086 quoe
1986 1006 2189 1068 libere
2216 1004 2510 1068 fluctuum

284 1100 639 1163 marinorum
687 1102 989 1182 agitationi
1034 1102 1370 1182 exponitur.
1456 1104 1609 1165 Sunt
1649 1104 1709 1164 in
1751 1103 1966 1166 eodem
2007 1104 2162 1166 libro
2205 1103 2343 1177 alia,
2371 1124 2507 1184 quae

281 1216 620 1260 convotum
666 1200 936 1279 peritiam
990 1199 1242 1280 sapiant.
1328 1199 1703 1280 virgiliarum
1742 1200 1974 1283 signum
2019 1200 2351 1262 confectum
2394 1219 2513 1262 me-

280 1306 477 1356 morat
498 1305 640 1376 post
670 1313 766 1360 vl.
798 1298 934 1359 Kal.
966 1298 1112 1358 Feb.
1144 1317 1280 1378 cap.
1307 1306 1406 1368 47.
1462 1319 1573 1380 pro
1611 1319 1748 1362 vero
1793 1300 2022 1361 scilicet
2050 1298 2203 1361 illius
2241 1297 2380 1360 anni
2406 1317 2509 1359 ca-

281 1390 569 1466 lendario,
600 1413 722 1472 quo
763 1395 933 1456 Febr.
966 1411 1014 1456 1.
1055 1395 1115 1454 in
1158 1395 1484 1457 Novembr.
1518 1395 1734 1458 Juliani
1774 1396 1930 1459 diem
1960 1413 2064 1459 xl.
2104 1395 2510 1470 conveniebat,

284 1507 412 1567 quo
436 1488 745 1551 Pleiadum
789 1490 1225 1552 confectionem
1253 1491 1430 1554 refert
1464 1493 1713 1555 Plinius.
1795 1496 1985 1557 Aliter
2012 1502 2172 1556 certe
2211 1493 2387 1556 sensit
2414 1494 2530 1570 bic,

280 1594 518 1662 auctor,
546 1607 726 1668 quam
752 1588 1158 1670 interpolator,
1187 1590 1289 1670 qui
1317 1592 1495 1652 etiam
1521 1593 1866 1656 Januarium
1891 1594 1971 1654 ab
2001 1592 2254 1655 Octobr.
2297 1590 2514 1653 Juliani

282 1681 385 1744 die
414 1700 584 1746 X111.
605 1685 974 1765 incipientem
1005 1708 1111 1767 per
1136 1689 1273 1748 anni
1302 1699 1536 1771 tempus
1567 1692 1961 1771 periculosum
1989 1711 2118 1750 esse
2136 1689 2325 1750 voluit
2351 1687 2517 1750 navi-

281 1781 588 1860 gantibus,
618 1793 682 1843 et
707 1783 947 1864 quidem
973 1785 1055 1846 ita
1083 1786 1500 1864 periculosum,
1532 1797 1601 1846 ut
1643 1789 1851 1848 mediis
1900 1787 2038 1847 belli
2064 1786 2300 1847 casibus
2330 1788 2514 1867 magis

282 1887 487 1940 tamen
531 1890 706 1953 esset,
738 1900 916 1959 quam
963 1882 1183 1943 bellum
1227 1882 1437 1962 ipsum,
1484 1882 1857 1945 metuendus.
1939 1885 2020 1944 Et
2065 1902 2299 1944 manum
2337 1884 2516 1944 etiam

286 1995 557 2040 eooevam
614 1979 1155 2057 accuratioremque
1210 1978 1474 2041 indicant
1527 1988 1621 2041 tot
1675 1999 1855 2041 voces
1922 1979 2215 2053 militares,
2268 1979 2516 2061 aliaeque

288 2074 610 2148 technicae,
639 2076 821 2155 magis
850 2075 949 2136 hic
979 2097 1117 2140 vero
1144 2077 1424 2156 temporis
1453 2077 1672 2138 decoro
1712 2077 2158 2158 respondentes,
2204 2097 2382 2159 quam
2409 2098 2517 2157 pro

286 2181 476 2251 captu
510 2171 766 2250 junioris
809 2172 1267 2253 interpolatoris.
1347 2173 1595 2236 Librum
1636 2195 1776 2255 ergo
1825 2176 1998 2237 Hirtii
2045 2175 2124 2236 de
2166 2174 2326 2236 bello
2363 2174 2518 2235 Afri·
2606 2179 2614 2186 '

285 2289 439 2334 cano
466 2268 546 2329 ad
575 2271 610 2331 J
616 2269 720 2330 ulii
748 2270 907 2331 Celsi
934 2283 1164 2333 aetatem
1193 2272 1523 2351 pervenisse
1551 2283 1734 2354 puto:
1777 2273 1880 2334 sed
1919 2274 2192 2334 mutilum
2235 2272 2515 2344 fortassis,

285 2376 392 2429 aut
439 2366 547 2447 qui
599 2366 780 2428 Celso
826 2369 1065 2430 mutilus
1114 2369 1317 2430 haberi
1358 2380 1583 2448 posset.
1667 2372 1803 2431 Hoc
1844 2371 2048 2450 utique
2089 2379 2385 2450 praetextu
2424 2368 2518 2431 vel

290 2465 437 2541 suis,
466 2466 562 2527 vel
586 2466 789 2529 nescio
810 2465 982 2546 cujus
1011 2467 1247 2531 alterius
1275 2467 1620 2531 fabulatoris
1646 2465 1933 2549 figmentis
1960 2467 2355 2549 interpolavit.

586 2662 802 2727 Itidem
811 2665 1050 2745 sactum
1084 2666 1149 2726 in
1180 2665 1337 2727 libro
1369 2666 1573 2727 Hirtii
1602 2666 1673 2728 de
1701 2665 1847 2727 bello
1875 2666 2235 2747 Hispanico.

366 2778 445 2839 In
471 2778 631 2840 bello
661 2779 989 2858 Hispanico
1016 2778 1213 2839 adbuc
1241 2777 1526 2857 pauciora
1553 2778 1739 2839 coaevi
1769 2778 2067 2858 scriptoris
2097 2775 2336 2855 vestigia
2361 2785 2517 2851 sunt,

289 2875 465 2957 plura
506 2884 707 2936 autem
757 2876 1208 2954 interpolatoris,
1237 2885 1298 2936 et
1325 2875 1567 2955 quidem
1591 2875 1907 2953 ejusdem,
1950 2875 2056 2954 qui
2100 2874 2317 2935 bellum
2366 2873 2523 2935 Afri-

292 2994 510 3036 canum
540 2974 661 3034 suis
687 2974 1029 3035 commentis
1055 2984 1316 3035 auxerat.
1400 2972 1626 3034 Eadem
1661 2973 1720 3034 in
1752 2993 1898 3033 voce
1905 2972 2179 3053 facultas
2205 2970 2517 3051 elegantia,

293 3090 433 3153 quae
478 3091 655 3151 supra
696 3091 830 3150 cap.
868 3082 962 3135 12.
1016 3074 1098 3132 eis
1136 3071 1220 3133 ad
1257 3070 1675 3151 §gamanam
1722 3070 1886 3132 nulla
1930 3077 2015 3131 cst
2058 3070 2200 3131 data
2223 3068 2521 3148 facultas.

294 3170 588 3249 Cap.·40.
616 3188 810 3242 nam,
851 3188 986 3249 μω
1012 3170 1077 3230 in
1116 3168 1544 3248 salosueruntr
1596 3187 1708 3247 pro
1736 3167 2009 3246 exemplo
2038 3165 2242 3227 itidem
2283 3185 2320 3226 a
2347 3166 2520 3226 uobis

291 3286 477 3347 supra
490 3266 829 3328 observato.
870 3269 1000 3328 Nec
1017 3265 1323 3326 dissimiles
1347 3265 1446 3324 alii
1469 3274 1789 3326 occurrunt
1813 3264 2150 3344 aequiorum
2170 3263 2523 3324 saeculorum

294 3363 671 3426 barbarismi.
757 3364 907 3445 Cap.
938 3373 997 3434 7.
1041 3364 1285 3443 reliquae
1324 3382 1393 3422 ιω
1409 3361 1707 3441 fugitivis
1745 3361 2064 3423 auxiliares
2105 3359 2538 3429 consistebant„

295 3460 455 3542 Cap.
489 3471 588 3524 12.
616 3461 754 3522 bene
778 3482 1057 3542 magnus·
1077 3468 1320 3540 tempus.
1402 3461 1551 3538 Cap.
1592 3468 1683 3521 13.
1709 3458 1992 3539 simulque
2022 3458 2258 3519 ballista
2283 3458 2459 3516 missa
2484 3475 2522 3516 a

295 3560 529 3620 nostris
556 3564 781 3618 turreis·
806 3558 1038 3637 dejecit.
1121 3558 1274 3636 Cap.
1310 3555 1404 3619 16.
1451 3556 1868 3616 existimabant
1909 3576 2005 3616 eos
2036 3574 2213 3634 porse
2252 3559 2523 3614 matum

294 3653 540 3738 ffoer‘·
621 3656 773 3733 Cap.
802 3663 902 3726 29.
930 3653 1255 3715 adversarii
1274 3654 1656 3731 patrocinari
1685 3653 1811 3713 loco
1841 3653 2043 3732 iniquo
2079 3671 2197 3712 non
2226 3650 2526 3711 desinunt.

299 3754 453 3834 Cap.
483 3760 585 3815 33.
616 3751 914 3824 libertum,
962 3753 1303 3831 quisuisret
1343 3754 1468 3830 qius
1494 3750 1874 3811 concubinus.
1958 3750 2111 3828 Cap.
2141 3756 2238 3818 39.
2277 3745 2523 3827 gradie-

300 3851 483 3912 batur
528 3848 857 3930 Hispalim.
949 3852 1102 3927 Cap.
1146 3857 1244 3909 42.
1298 3848 1668 3927 provinciam
1715 3845 2112 3926 depopulavit.
2195 3846 2272 3905 Et
2313 3851 2529 3923 praeter
2653 3876 2656 3879 >

298 3969 527 4009 norem
558 3949 768 4007 horum
799 3947 1153 4025 scriptorum
1187 3945 1354 4006 Ennii
1389 3951 1585 4024 poetae
1613 3944 1936 4023 fragmenta
1958 3942 2238 4014 advocat,
2265 3961 2397 4021 cap.
2428 3949 2528 4002 23.

302 4054 407 4108 31.
488 4046 596 4105 Illa
626 4065 769 4105 vero
798 4064 975 4124 quam
1000 4045 1224 4123 inepta,
1252 4044 1467 4124 quibus
1496 4052 1693 4102 tamen
1722 4041 1994 4113 Caesaris,
2027 4041 2236 4101 summi
2268 4038 2530 4118 pruden-

302 4143 631 4222 tissimique
659 4144 924 4213 oratoris,
956 4163 1270 4222 personam
1299 4143 1420 4221 agit
1448 4142 1543 4201 bic
1574 4140 1866 4219 sophista:
1911 4139 2032 4210 An,
2055 4159 2141 4199 me
2167 4138 2375 4209 deleto,
2405 4156 2525 4197 non

301 4239 878 4315 misadai-lebam,
907 4240 1101 4304 decem
1142 4240 1352 4303 habere
1381 4240 1642 4321 legiones
1676 4237 1966 4319 populum
2004 4237 2350 4308 Romanum,
2391 4253 2524 4316 μω
