3117 5025
602 400 778 466 1690
1253 417 1313 466 s.
1360 417 1576 466 cust
1623 417 2162 467 counnwmnu

601 564 814 645 iuquit,
841 585 928 625 me
958 563 1205 645 decepit.
1268 565 1377 626 His
1404 564 1502 625 ille
1523 564 1700 626 simul
1728 575 1971 625 vexatus
1993 561 2412 634 incommodis;
2459 581 2634 642 paeue
2663 583 2814 643 quo·

601 662 745 723 tidie
794 662 1037 723 latibula
1086 664 1480 741 permutabat‚
1536 682 1718 743 seque
1773 681 2197 740 nonnunquam
2247 660 2325 720 ab
2376 660 2817 739 inquisitoribus

603 759 859 842 pecunia
903 759 1260 830 redimebat:
1304 760 1537 822 futurus
1567 781 1765 841 regum
1809 760 2085 820 dominus
2128 779 2197 819 ac
2225 777 2561 837 regnorum:
2608 768 2670 818 et
2696 767 2817 818 tam

602 857 707 916 diu
736 858 848 917 hoc
878 856 935 917 in
968 866 1119 917 statu
1156 857 1285 931 fuit,
1315 858 1505 919 donec
1552 859 1920 919 'Mamercus
1946 856 2209 918 AEmilius
2249 865 2311 915 et
2341 856 2611 916 Aurelius
2642 857 2822 917 Cotta

604 954 711 1014 viri
758 954 1106 1015 nobilissimi
1152 964 1212 1015 et
1255 955 1454 1016 affines
1500 954 1650 1034 ejus,
1702 954 1881 1014 Sunae
1929 972 2086 1013 vero.
2116 950 2486 1021 amicissimi3
2531 953 2820 1032 simulque

606 1052 868 1112 Vestales
898 1051 1148 1131 virgines
1190 1059 1461 1131 (quarum
1502 1069 1733 1112 summa
1771 1059 1919 1110 tunc
1964 1058 2093 1110 erat
2137 1054 2482 1125 auctoritas)
2510 1050 2704 1110 multis
2746 1071 2818 1112 ac

604 1148 809 1209 validis
857 1150 1130 1229 precibus
1185 1150 1297 1211 sibi
1351 1150 1580 1211 veniam
1631 1148 2017 1228 quaesierunt:
2062 1149 2164 1209 ubi
2220 1149 2364 1210 illud
2415 1148 2819 1222 memorabile,

605 1246 767 1325 quod
795 1268 934 1308 cum
981 1248 1145 1308 Sulla
1187 1248 1408 1308 diutius
1456 1235 2041 1325 obstetissetyueque
2072 1247 2221 1307 ullus
2256 1248 2575 1326 ²peccandi
2605 1246 2818 1307 modus

603 1354 782 1415 essen
827 1345 1017 1405 victus
1046 1345 1122 1404 ad
1155 1345 1425 1405 ultimum
1466 1344 1839 1416 exclamavit,
1882 1345 1975 1404 vel
2019 1343 2216 1404 divino
2261 1345 2540 1404 instinctu
2570 1344 2664 1403 vel
2709 1343 2823 1404 hu-

604 1461 777 1502 mana
803 1441 1213 1502 tantummodo
1242 1442 1624 1521 conjectura;
1668 1451 1730 1502 et
1757 1443 1974 1501 vincite
1998 1441 2100 1515 ait,
2156 1450 2329 1522 atque
2356 1442 2624 1503 habetote
2664 1442 2823 1502 vobis

602 1542 939 1618 cunctisque
964 1539 1256 1600 nobilibus
1286 1540 1394 1601 hoc
1423 1540 1763 1601 Mannum
1791 1539 2036 1602 donum·
2071 1539 2359 1602 Pmdioe
2386 1547 2579 1600 autem
2608 1540 2818 1612 vobis?

602 1634 720 1707 laic,
750 1655 912 1715 quem
939 1638 1102 1697 enixe
1127 1636 1271 1698 adeo
1318 1636 1539 1697 salvum
1585 1637 1785 1706 vultis,
1836 1638 2183 1717 optimatum
2220 1636 2520 1716 partibus,
2552 1655 2694 1716 quas
2720 1656 2821 1698 vos

602 1751 818 1793 mecum
862 1733 1233 1814 defendistis,
1283 1734 1626 1816 quandoque
1674 1736 1792 1795 erit
1837 1735 2084 1797 excidio.
2173 1735 2402 1795 (ἔπεσι-ἰ
2446 1735 2597 1793 enim
2643 1734 2823 1794 mulli

603 1833 813 1892 ineunt
842 1832 1062 1892 Marii.
1147 1833 1468 1893 Hoec'sane
1496 1834 1813 1894 minutiora
1842 1834 1948 1893 viri
1979 1834 2155 1911 hujus
2190 1834 2277 1893 his
2316 1830 2564 1890 fortasse
2592 1830 2824 1909 profue-

603 1927 739 1998 rint,
767 1928 870 2007 qui
911 1927 1267 1988 laboriosam
1308 1929 1763 1991 adolescentiam
1794 1931 2038 2010 degunt,
2080 1950 2155 1990 ne
2177 1930 2492 2008 desperent
2520 1926 2820 2007 vigilando

603 2044 675 2085 ac
701 2024 1064 2086 intendendo
1091 2026 1169 2086 ad
1194 2026 1403 2087 altiora
1424 2026 1842 2089 conscendere!
1889 2027 2034 2087 dum
2059 2027 2244 2087 virum
2275 2025 2616 2105 principem,
2641 2024 2820 2086 tantis

604 2120 907 2182 obsessum
937 2123 1387 2184 difficultatibus
1434 2124 1623 2202 prima
1649 2124 1981 2184 audiverint
2006 2134 2201 2185 etate.
2288 2122 2565 2183 Militavit
2590 2122 2817 2182 adoles·

605 2237 746 2278 cens
769 2218 827 2278 in
859 2220 1015 2293 Asia,
1044 2222 1401 2301 Graeciaque
1429 2232 1492 2282 et
1519 2223 1747 2293 Cilicia,
1774 2221 1931 2282 sama
1954 2241 2111 2282 nunc
2139 2222 2313 2292 clara,
2345 2238 2503 2280 nunc
2533 2220 2820 2279 obscura:

603 2314 804 2377 audita
845 2325 1045 2376 autem
1093 2317 1271 2378 Sullae
1299 2329 1506 2395 morte,
1536 2319 1773 2379 ³iterum
1804 2319 2206 2379 novandarum
2247 2337 2352 2396 spe
2381 2318 2668 2388 trahente,
2699 2316 2822 2377 Ro·

606 2430 762 2470 mam
792 2412 992 2472 rediit:
1036 2413 1139 2472 sed
1172 2414 1329 2473 civili
1370 2425 1534 2475 motu
1565 2424 1780 2495 praeter
1804 2435 1968 2494 spem
2015 2434 2371 2494 compresso,
2415 2435 2486 2473 ne
2507 2413 2657 2473 nihil
2683 2433 2821 2492 age-.-

605 2518 715 2579 ret,
746 2508 1082 2570 Cornelium
1113 2511 1477 2572 Dolabellam
1506 2510 1873 2573 consularem
1903 2533 1975 2572 ac
2004 2511 2417 2592 triumphalem
2440 2513 2621 2573 virum
2649 2522 2823 2590 repe·

606 2604 923 2667 tundat-um
951 2609 1274 2670 accusavit.
1344 2611 1483 2680 Quo
1499 2609 1738 2688 judicio
1765 2630 2033 2690 magnam
2063 2610 2175 2670 sibi
2201 2609 2416 2670 famam
2444 2609 2820 2688 eloquentie,

606 2702 711 2764 sed
736 2714 797 2766 et
824 2705 1074 2766 utultum
1103 2707 1373 2786 quesivit
1396 2708 1664 2770 invidiae:
1700 2728 1878 2788 quam
1911 2719 1979 2769 ut
2005 2709 2210 2769 leniret
2232 2706 2517 2778 absentia,
2547 2707 2821 2768 absoluto

604 2821 727 2876 reo,
773 2802 867 2882 [9]
909 2802 1200 2882 rebusque
1231 2804 1495 2885 undique
1540 2806 1690 2867 citra
1737 2818 1876 2866 vota
1906 2806 2243 2878 fluentibus,
2288 2806 2346 2865 in
2385 2806 2632 2865 insulam
2663 2806 2823 2865 Rho-

528 2961 543 2975 ,
603 2898 748 2960 dum
776 2920 837 2961 ae
881 2901 1144 2963 conferre
1172 2902 1490 2981 disposuit:
1537 2903 1710 2965 simul
1740 2914 1808 2966 ut
1832 2907 1956 2966 otio
2001 2924 2251 2984 operam
2293 2903 2464 2963 daret
2506 2921 2578 2962 ac
2619 2902 2820 2972 literis,

603 2996 766 3075 apud
799 2997 1179 3076 Apollonium
1221 2999 1537 3062 ⁴Milouem
1584 3002 1968 3062 clarissimum
2012 3012 2154 3062 tunc
2180 3001 2471 3061 facundia:
2499 3008 2823 3080 praecepto·

602 3111 747 3164 rem,
777 3094 891 3153 sub
932 3115 1055 3174 quo
1084 3095 1295 3157 Cicero
1325 3098 1452 3177 ipse
1501 3100 1786 3159 Romanae
1831 3100 2105 3178 princeps
2135 3098 2491 3178 eloquentiae
2538 3096 2821 3158 didicisse

605 3189 887 3251 creditur.
970 3193 1085 3252 Sed
1115 3192 1258 3254 dum
1284 3214 1359 3254 eo
1387 3194 1623 3273 navigat
1650 3213 1687 3254 a
1726 3194 1931 3274 piratis
1959 3205 2188 3275 captus,
2221 3193 2608 3256 familiaribus
2635 3194 2824 3254 omni-

607 3286 739 3359 bus,
770 3297 987 3367 pra-‚ter
1013 3298 1131 3350 tres
1157 3291 1428 3352 remissos
1468 3293 1544 3353 ad
1577 3292 1993 3371 redemptionis
2020 3313 2140 3353 suae
2171 3293 2479 3372 pecuniam
2511 3310 2824 3371 procuran-

603 3382 777 3454 damz
823 3386 1036 3447 mansit
1082 3407 1219 3447 cum
1270 3389 1657 3468 pradonibus
1707 3391 1832 3450 dies
1887 3392 2043 3451 circa
2090 3391 2498 3470 quadraginta,
2539 3408 2653 3448 non
2693 3387 2821 3448 sine

604 3483 837 3544 tristitia
864 3493 928 3544 et
972 3484 1371 3564 indignatione
1411 3489 1773 3567 gravissima.
1856 3490 2129 3567 Cumque
2169 3488 2248 3547 illi
2275 3507 2410 3548 eum
2444 3508 2516 3546 ex
2545 3486 2822 3547 convictu

603 3577 996 3643 familiaritate
1043 3593 1170 3644 orta
1217 3596 1773 3664 percunctarentur:
1820 3586 1963 3666 quid
2021 3588 2104 3645 eis
2158 3586 2203 3645 si
2261 3585 2320 3644 in
2367 3605 2474 3645 sua
2531 3593 2822 3662 potestate

602 3689 824 3751 essem,
854 3679 1097 3754 faceret,
1126 3684 1526 3762 respondebat
1556 3684 1790 3761 jocanti
1819 3684 2017 3745 similis
2044 3704 2104 3744 se
2141 3683 2270 3743 illos
2312 3682 2590 3742 crucibus
2619 3680 2825 3742 affixu-

603 3794 757 3848 rum,
804 3775 983 3857 idque
1030 3779 1113 3838 ita
1156 3778 1285 3838 fore
1320 3779 1716 3860 jurejurando
1763 3782 1943 3843 tacito
1989 3779 2399 3842 confirmabat.
2484 3781 2638 3839 Cum
2681 3794 2822 3839 vem

606 3874 924 3935 comitibus
949 3895 1017 3936 ac
1044 3876 1223 3937 servis
1250 3878 1442 3938 Roma
1468 3878 1850 3940 redeuntibus
1898 3888 1959 3939 et
2000 3878 2426 3959 quinquaginta
2452 3875 2683 3937 talentis
2710 3894 2821 3954 pro

669 4043 700 4073 ⁹
736 4043 1077 4139 interseritur
1099 4046 1184 4100 hic
1205 4049 1288 4114 qui
1321 4049 1374 4100 in
1396 4049 1575 4118 editis,
1594 4051 1693 4104 boc
1730 4059 1814 4103 est
1845 4066 1990 4117 quum
2018 4054 2112 4100 aut
2131 4051 2376 4112 quntum,
2396 4045 2534 4113 quod
2559 4043 2821 4099 sententia

606 4140 692 4176 res
730 4141 783 4176 ut
812 4161 827 4178 .

608 4132 886 4338 Mlplaetge,
908 4209 1215 4261 Maon-2
1234 4210 1406 4278 Lege,
1424 4213 1764 4278 putandi—³
1798 4213 1960 4278 Lege,
1995 4223 2155 4260 rerunt
2188 4208 2624 4259 Μάκαι-4
2657 4205 2821 4269 Lege,
