3117 5025
641 414 817 482 1788
1294 434 1352 482 s.
1399 429 1612 482 canet
1661 425 2228 482 consumunmt·

639 584 909 665 proximo
937 606 1074 646 cum
1105 606 1268 647 muro
1296 587 1505 668 oppidi
1543 597 1728 648 turres
1772 593 1833 649 et
1874 588 2180 648 machinas
2205 585 2585 661 admovisset,
2615 573 2849 669 repente*

637 691 833 743 tantus
861 683 1048 754 imber
1087 684 1301 744 nimbis
1340 683 1591 755 affluxit,
1622 696 1686 746 ut
1718 675 1989 765 jiertlacile
2016 696 2173 746 esset
2200 684 2376 745 aliurn
2409 685 2747 750 territurus:
2790 691 2849 747 at

632 780 762 858 ipse
792 780 895 859 qui
924 801 1082 860 saepe
1110 781 1279 842 soedis
1298 783 1750 861 tempestatibus
1779 784 1855 844 ad
1903 783 2268 843 victoriarum
2301 784 2384 843 uti
2426 785 2638 843 soleret
2680 805 2852 845 ocea-

643 877 900 949 sionem:
949 880 1060 940 sibi
1087 880 1228 940 illud
1262 882 1368 940 iter
1394 881 1467 941 ad
1498 881 1559 941 id
1607 881 1766 961 quod
1798 881 2144 941 intendebat
2172 881 2520 961 apparuisse
2546 883 2850 962 extimans,

640 973 801 1055 qnod
830 986 890 1035 et
929 996 1063 1036 suos
1104 979 1182 1036 ad
1227 997 1377 1057 opus
1406 979 1584 1039 solito
1610 979 1891 1059 pigriores
1920 987 2214 1049 cerneret:
2261 989 2322 1040 et
2356 980 2553 1039 hostes
2578 980 2656 1040 ad
2701 991 2854 1043 tute-

644 1072 759 1133 lar'n
789 1073 963 1152 opidi·
982 1074 1169 1134 lentos
1194 1085 1255 1135 et
1281 1075 1551 1135 incautos
1594 1097 1667 1135 ex
1718 1076 2032 1135 rarioribus
2072 1095 2174 1154 per
2200 1093 2396 1134 muros
2423 1077 2711 1137 custodiis
2737 1082 2853 1140 ani-

640 1170 1061 1232 madverteret:
1107 1173 1371 1234 hortatus
1416 1173 1648 1245 milites,
1703 1183 1766 1233 ut
1819 1174 2080 1234 fructum
2139 1177 2371 1233 tandem
2432 1175 2591 1254 longi
2643 1178 2857 1238 laboris

644 1264 1035 1347 ⁶arriperent:
1066 1279 1126 1327 et
1154 1269 1354 1348 pn’mis
1381 1269 1439 1329 in
1471 1270 1691 1329 ⁷muris
1731 1270 2054 1330 ascensuris
2087 1271 2329 1350 prtemia
2376 1259 2658 1332 consueta
2687 1275 2858 1353 polli-

641 1366 809 1439 eitus,
850 1368 995 1428 tuba
1036 1367 1223 1446 proelii
1278 1367 1505 1447 signum
1566 1368 1754 1427 dedit.
1857 1371 1952 1428 Ira
1978 1370 2158 1447 igitur
2181 1379 2242 1430 et
2270 1391 2374 1449 spe
2404 1372 2627 1450 praemii
2657 1373 2862 1433 stimu-

640 1464 817 1538 lante,
848 1476 909 1525 et
936 1485 1295 1545 unoquoque
1336 1466 1605 1527 certatim
1636 1466 1938 1527 adnitente
1966 1469 2220 1546 primum
2243 1468 2488 1547 gradum
2518 1469 2708 1529 laudis
2754 1491 2859 1550 ap-

646 1562 1025 1643 prehendere.
1091 1564 1248 1623 Muri
1273 1565 1537 1643 undique
1570 1565 1646 1625 ad
1679 1565 1946 1626 ⁸fastidia
1969 1585 2088 1625 non
2116 1576 2235 1625 tam
2264 1565 2652 1628 ascenderunt
2679 1589 2859 1648 quam

641 1662 1046 1723 evolaverunt.
1131 1662 1466 1743 Stupefacti
1488 1664 1647 1724 cives
1675 1664 1770 1723 ⁹in
1793 1683 1961 1743 spera
1985 1649 2240 1724 hostium
2261 1671 2472 1724 e'orona
2497 1688 2514 1737 ς
2560 1685 2687 1726 sese
2716 1666 2862 1729 locis

648 1759 1075 1839 patentioribus
1105 1759 1341 1820 liberius
1382 1758 1700 1832 defensuri,
1744 1782 1815 1821 ne
1863 1762 2084 1820 viarum
2123 1745 2517 1839 premerentur
2563 1764 2867 1842 angustiis,

640 1857 701 1920 in
748 1860 998 1937 plateam
1043 1859 1472 1938 confugerunt:
1516 1857 1838 1940 postquam
1883 1879 2020 1918 vero
2061 1858 2617 1930 animadverterunt,
2674 1861 2864 1922 haud·

647 1976 945 2037 quaquam
977 1959 1274 2019 Romanos
1306 1958 1363 2017 in
1393 1957 1574 2036 plana
1615 1956 2011 2028 descendere:
2058 1956 2159 2016 sed
2194 1976 2309 2015 uno
2335 1955 2512 2016 alium
2553 1958 2866 2022 attollente

650 2057 832 2134 magis
868 2075 937 2116 ac
982 2057 1169 2136 magis
1212 2056 1425 2116 moenia
1446 2056 1762 2136 complere,
1807 2064 2126 2115 metuentes
2159 2054 2414 2132 undique
2444 2054 2867 2131 circumcludi:

650 2152 970 2232 fugamque
997 2152 1181 2232 eripig
1231 2151 1463 2231 trepide
1497 2152 1672 2213 armis
1699 2152 1954 2231 abjectis
1975 2160 2234 2211 extrema
2274 2151 2439 2230 opidi
2460 2171 2638 2212 cursu
2661 2155 2870 2240 rapido

652 2249 896 2329 petiere:
942 2249 1023 2308 ibi
1069 2268 1202 2328 pars
1248 2243 1550 2328 portarum
1582 2249 1640 2309 in
1681 2250 1842 2310 exitu
1870 2269 1934 2308 se
1962 2260 2253 2320 coartans,
2284 2268 2418 2328 pars
2447 2248 2663 2309 flumen
2686 2260 2877 2314 trans-

649 2356 842 2418 vecta,
870 2347 946 2406 ab
973 2341 1273 2426 equitibus
1314 2346 1389 2406 ad
1444 2347 1574 2407 haec
1624 2347 1813 2407 missis
1862 2348 2000 2407 caesi
2044 2368 2268 2407 omnes,
2353 2347 2595 2407 Nullum
2651 2350 2870 2428 praedae

654 2444 910 2505 studium
955 2445 1055 2504 sed
1101 2444 1384 2505 vindictae
1418 2444 1559 2506 suit:
1590 2445 1764 2528 [134]
1795 2446 2067 2506 omnibus
2115 2456 2253 2505 ante
2297 2441 2503 2505 oculos
2545 2466 2702 2506 mors
2746 2458 2873 2509 erat

654 2553 1044 2604 mercatorum
1077 2545 1475 2604 Romanorum
1517 2543 1621 2624 qui
1663 2545 1738 2605 ad
1780 2532 2118 2616 (sonabam,
2160 2544 2433 2605 immeriti
2480 2544 2561 2604 illi
2607 2544 2875 2624 quidem,

654 2641 777 2701 sola
803 2640 1110 2702 Gallorum
1152 2642 1495 2703 crudelitate
1540 2643 1868 2723 perierant:
1913 2643 2044 2721 ejus
2091 2641 2268 2703 caedis
2311 2641 2642 2703 recordatio
2692 2664 2871 2723 supra

658 2740 1056 2800 Romanorum
1112 2759 1332 2799 morem
1391 2740 1713 2801 acerbabat
1777 2739 2025 2811 animos,
2085 2748 2150 2799 ut
2191 2757 2298 2798 nec
2347 2739 2508 2798 aetati
2551 2759 2663 2799 nec
2714 2741 2880 2800 sexui

656 2846 1022 2916 parceretur.
1108 2837 1198 2899 Ex
1228 2838 1500 2898 omnibus
1530 2838 1725 2917 itaque
1753 2836 1857 2915 qui
1885 2836 1946 2895 in
1977 2834 2159 2915 opido
2191 2844 2329 2894 sunt
2353 2824 2592 2908 inventi,
2621 2856 2876 2915 quorum

657 2952 933 2996 numerus
973 2936 1049 2996 ad
1098 2934 1486 3016 quadraginta
1536 2936 1696 2996 milia
1747 2934 2010 3014 capitum
2061 2932 2362 3004 ascendit;
2407 2933 2500 2992 vix
2551 2935 2882 3016 octingenti

661 3031 764 3110 qui
799 3031 876 3091 ad
921 3034 1171 3110 primum
1215 3034 1375 3113 capti
1419 3031 1582 3112 opidi
1613 3033 1927 3093 clamorem
1964 3051 2085 3092 sese
2127 3030 2314 3110 portis
2339 3031 2640 3110 murisque
2671 3032 2887 3111 κ’ριίἐ-

661 3129 980 3209 ripuerant‚
1010 3144 1281 3189 evasere:
1323 3140 1385 3189 et
1433 3131 1668 3190 Avarici
1720 3128 1957 3209 quidem
2002 3129 2178 3207 longa
2226 3146 2296 3188 ac
2355 3125 2602 3188 difficilis
2646 3129 2884 3190 obsidio

665 3226 823 3286 hunc
854 3225 1065 3286 habuit
1091 3225 1292 3286 finem.
1375 3226 1818 3305 Vercingetorix
1848 3245 1985 3285 vero
2017 3225 2402 3285 Avaricenses
2446 3225 2717 3304 reliquias
2747 3246 2889 3288 noc·

660 3333 831 3384 turna
859 3322 1000 3402 fuga
1037 3322 1095 3382 in
1127 3342 1230 3383 sua
1259 3333 1447 3383 castra
1493 3323 1718 3383 delatas
1765 3323 2082 3383 clementer
2121 3322 2378 3400 excepit,
2427 3340 2500 3380 ac
2544 3321 2763 3381 veritus
2814 3343 2887 3384 ne

665 3440 783 3501 qua
810 3442 883 3481 ex
912 3440 1113 3481 eorum
1157 3421 1543 3500 permixtione
1583 3420 1979 3480 tumultuandi
2007 3419 2247 3479 occasio
2278 3421 2654 3497 praeberetur,
2695 3440 2896 3499 segre-

664 3520 892 3600 gandos
930 3519 1189 3590 curavit:
1236 3528 1301 3579 ut
1339 3538 1474 3579 eum
1527 3530 1722 3579 castra
1763 3528 1955 3578 essent
1979 3516 2307 3578 secundnm
2348 3536 2652 3576 numerum
2698 3516 2897 3579 distri-

675 3620 837 3693 buta,
867 3620 944 3680 ad
996 3639 1135 3679 suos
1179 3619 1433 3698 quisque
1475 3618 1809 3678 duceretur.
1895 3617 2030 3696 lpse
2083 3634 2223 3675 vero
2263 3634 2453 3693 neque
2503 3615 2614 3674 hoc
2661 3614 2895 3679 fractus

668 3722 712 3751 ¹⁸
733 3727 795 3777 ut
824 3718 1095 3796 dejectus
1122 3725 1354 3784 eventu,
1384 3714 1465 3775 ita
1493 3715 1833 3775 consolatus
1861 3723 1952 3774 est
1981 3733 2136 3786 suos,
2180 3722 2244 3772 ut
2270 3711 2517 3781 diceret,
2541 3718 2560 3744 ⁸
2587 3712 2729 3771 Non
2778 3714 2894 3772 vir-

667 3823 791 3874 tute
815 3813 917 3874 sed
947 3825 1076 3873 arte
1103 3811 1358 3891 quadam
1390 3831 1584 3871 muros
1614 3810 2025 3891 oppugnandi,
2056 3811 2359 3870 victoriam
2405 3809 2557 3868 hanc
2605 3807 2890 3868 Romanis

671 3911 978 3990 obtigisse:
1006 3912 1159 3983 ¹²†in
1197 3908 1546 3971 ¹3anteriora
1591 3908 1917 3969 contendit:
1971 3928 2147 3987 quem
2194 3926 2311 3966 non
2355 3906 2587 3984 segnius
2631 3924 2734 3963 sua
2787 3910 2895 3983 per

674 4007 909 4086 vestigia
934 4009 1136 4069 Caesar
1164 4006 1510 4086 insequitur,
1550 4004 1878 4084 quintoque
1920 4006 2017 4064 die
2069 4007 2127 4063 in
2171 4002 2530 4082 Gergouiam
2583 4004 2893 4081 pervenit:

731 4175 764 4220 0
788 4170 946 4234 Lege,
964 4171 1340 4242 acciperent.÷7
1367 4171 1529 4234 Lege,
1551 4174 1853 4221 murum—8
1879 4172 2037 4234 Lege,
2048 4167 2380 4229 fastigia—9
2414 4166 2590 4228 Forte,
2627 4166 2894 4227 insperate.

668 4254 799 4304 -10
833 4252 992 4316 Lege,
1026 4252 1503 4316 proripuerunt—ll
1528 4253 1691 4317 Lege,
1725 4255 1995 4302 nem—Ut
2021 4250 2236 4301 &ullum
2256 4250 2491 4311 mestre.
2516 4253 2697 4313 repete.
2734 4260 2897 4315 snpra

675 4351 727 4401 p.
752 4336 895 4386 1⁷⁸8.
920 4332 1008 4384 ubi
1031 4338 1113 4383 cst
1134 4332 1336 4397 signnm
1350 4335 1523 4386 t.—1⁸
1548 4334 1710 4399 Lege,
1729 4333 1976 4399 ulteriora,
1999 4334 2080 4382 vel
2105 4332 2349 4382 interiora.
