3117 5025
528 377 709 454 1752
1181 396 1241 444 s.
1288 394 1500 446 cmm
1547 395 2082 448 couMnN'rAml

527 549 774 610 classem
802 557 864 608 et
888 547 1161 607 ⁹4castris
1203 565 1308 626 per
1349 546 1517 607 ducis
1543 547 1857 608 absentiam
1903 549 2203 609 indefensa
2245 549 2480 629 quantis
2509 550 2740 629 possint

531 646 753 706 viribus
783 645 1105 716 invadant:
1151 654 1359 725 parent
1387 645 1492 717 illi,
1544 666 1647 706 seu
1679 647 1886 725 patriae
1914 647 2149 718 caritas,
2198 667 2297 706 seu
2335 647 2539 725 jussus
2569 668 2742 726 supe·

532 743 702 804 rioris
732 753 1000 822 urgeret:
1045 762 1305 824 cumque
1342 744 1419 804 ad
1466 754 1662 805 castra
1691 746 2001 816 venissent,
2051 751 2440 824 erumpentes
2468 746 2738 815 Romani,

531 841 733 900 multis
762 842 998 913 occisis,
1028 852 1090 902 et
1118 862 1237 903 uno
1266 862 1467 920 regum
1495 854 1695 922 capto,
1726 845 1823 904 eni
1845 845 2155 921 Legotorix
2182 851 2396 903 nomen
2426 851 2566 914 erat,
2591 842 2743 903 intra

531 937 1025 1017 vallum-sospites
1056 939 1315 1000 rediere:
1362 960 1482 1018 quo
1510 943 1725 1000 eventu
1748 951 1808 1001 et
1837 942 2153 1021 pracsertim
2184 940 2481 1001 deditione
2511 942 2741 1000 urbium

532 1034 795 1114 ⁹⁵magni
832 1055 924 1094 -ac
969 1036 1152 1113 magis
1204 1037 1659 1096 Casimellannus
1689 1038 1884 1098 animo
1920 1058 2260 1109 concussus,
2310 1059 2380 1097 ac
2426 1035 2744 1097 “diffusus

534 1132 713 1202 bello,
740 1129 944 1211 pacem
975 1134 1160 1212 petiit,
1208 1134 1570 1195 deditionem
1599 1135 1842 1208 obtulit,‘
1865 1148 1924 1195 et
1953 1125 2058 1214 per
2086 1137 2354 1195 Comium
2379 1135 2743 1207 Atrabatem5

535 1249 709 1310 quem
738 1231 835 1291 ille
862 1229 920 1291 in
945 1229 1398 1305 amicis‚‘Caesar
1424 1234 1576 1294 inter
1602 1233 1775 1306 fidos,
1814 1232 2179 1304 numerabat,
2213 1233 2437 1292 veniam
2467 1233 2744 1312 impetra-

534 1327 642 1387 vit.
725 1330 877 1389 Cum
908 1330 1059 1389 enim
1092 1329 1346 1401 Caesaris
1376 1340 1525 1390 esset
1569 1331 1810 1391 intentio
1837 1331 1894 1390 in
1925 1331 2121 1391 Gallia
2150 1331 2478 1401 hibernare,
2525 1340 2586 1390 et
2615 1329 2745 1407 jam

535 1425 668 1487 finis
696 1447 881 1506 prope
909 1436 1067 1486 esset
1095 1429 1339 1498 aestatis,·
1365 1448 1500 1506 quae
1526 1429 1716 1488 multo
1745 1428 1827 1487 ibi
1858 1438 1945 1488 est
1977 1428 2225 1499 brevior,
2243 1441 2434 1507 ‘quam
2463 1428 2521 1486 in
2552 1438 2746 1488 nostro

537 1524 702 1596 orbe,
752 1524 1108 1584 mentionem
1158 1525 1320 1604 pacis
1363 1545 1480 1586 non
1522 1526 1736 1586 invitus
1764 1526 2010 1599 audivit,
2067 1546 2138 1584 ne
2179 1545 2287 1605 per
2324 1525 2568 1585 hiemem
2599 1525 2748 1585 intra

535 1622 789 1681 insulam
817 1631 1130 1682 teneretur.
1215 1623 1551 1684 Contentus
1584 1642 1748 1703 reges
1790 1624 1999 1683 vicisse
2025 1642 2098 1682 ac
2128 1623 2375 1701 cepisse,
2402 1641 2472 1680 ac
2504 1621 2750 1683 tributa-

528 1719 671 1779 riam
702 1718 910 1779 fecisse
938 1719 1317 1793 Britanniam,
1360 1723 1645 1783 tributum
1672 1739 1928 1782 annuum
1959 1715 2266 1799 imposuit,'
2295 1718 2533 1779 obsides
2562 1719 2748 1799 impe-

536 1817 703 1877 ravit.
754 1817 939 1878 -Nam
973 1827 1039 1878 ut
1061 1817 1484 1897 elegantissime
1510 1820 1595 1881 ait
1624 1820 1864 1880 florus:
1911 1825 1931 1853 ‘
1957 1838 2078 1879 non
2128 1817 2465 1897 proviu'ciae,
2515 1817 2616 1876 sed
2646 1836 2752 1875 no·

537 1915 679 1973 mini
728 1913 1119 1975 studebatur.'
1228 1916 1298 1976 In
1357 1917 1591 1978 cunctis
1647 1918 2162 1996 obtemperatum:
2219 1914 2361 1974 illud
2409 1933 2747 1992 expressum

537 2010 744 2071 dedito
772 2009 1213 2090 ⁹⁷imparatum,
1258 2033 1333 2073 ne
1363 2013 1478 2093 qu'a
1508 2015 1567 2074 in
1610 2035 1671 2074 re
1706 2014 2189 2082 Trinovantibus,
2236 2013 2482 2090 aliisque
2510 2012 2562 2050 ⁹⁸
2576 2010 2750 2071 dedi-

538 2108 712 2169 tionis
760 2109 1185 2181 Romanorum,
1233 2120 1371 2171 ante
1415 2112 1562 2171 alios
1614 2112 2054 2172 Mandubracio
2094 2115 2147 2150 ⁹⁹
2168 2111 2367 2171 occiso
2430 2109 2578 2187 regis
2625 2107 2749 2169 filio

539 2214 843 2265 noceatur.
926 2205 1038 2265 His
1068 2206 1395 2285 explicitis,
1441 2209 1519 2269 ad
1550 2210 1714 2270 littus
1742 2220 1802 2271 et
1829 2209 1903 2270 ad
1934 2211 2184 2271 classem
2221 2208 2416 2276 rediit,
2459 2225 2751 2285 navesque

539 2312 605 2362 ut
623 2304 881 2380 jusserat
910 2313 1205 2383 reparatas
1231 2303 1551 2379 inveniens,
1603 2308 1954 2368 conscendit
1979 2327 2114 2367 cum
2143 2305 2405 2365 exercitu
2446 2315 2504 2363 et
2532 2304 2752 2383 ingenti

537 2401 901 2478 captivorum
930 2401 1102 2460 turba
1129 2401 1409 2479 proximis
1438 2404 1659 2483 proeliis
1688 2404 2039 2484 intercepta.
2109 2404 2385 2482 Cumque
2416 2401 2754 2462 Britannico

539 2496 617 2558 de
645 2496 839 2558 littore
867 2498 1129 2559 secunda
1155 2500 1350 2580 vigilia
1377 2500 1674 2575 movisset,
1695 2503 1767 2563 ad
1793 2503 2092 2563 Gallicum
2123 2500 2287 2561 littus
2315 2499 2590 2561 omnibus
2615 2519 2754 2560 cum

541 2595 660 2656 suis
688 2596 1124 2657 incolumis'die
1148 2598 1418 2676 proximo
1448 2599 1746 2669 illucente,
1787 2602 2052 2680 pervenit
2096 2598 2459 2677 navigatione
2489 2616 2755 2677 prosper·

539 2694 704 2765 rima,
749 2694 914 2773 quasi
944 2694 1038 2754 vel
1069 2693 1329 2756 discessu
1356 2696 1639 2775 gauderet
1667 2699 1963 2767 Oceanus,
2007 2696 2108 2776 qui
2139 2694 2410 2754 doluerat
2437 2693 2512 2754 de
2537 2695 2756 2754 adven·

541 2800 645 2863 tu;
690 2791 781 2852 vel
808 2799 875 2851 ut
920 2792 1129 2852 Florus
1163 2791 1321 2852 idem
1350 2794 1453 2866 ait,
1498 2802 1518 2831 ⁸
1542 2815 1607 2855 se
1633 2795 1914 2874 imparem
1945 2792 2245 2864 fateretur,
2295 2812 2400 2851 suo
2449 2791 2755 2853 blandiens

541 2887 856 2949 domitori.’

626 2985 746 3045 Hic
778 3007 912 3047 vero
959 3007 1280 3068 parumper
1327 2988 1497 3049 haesit
1540 2986 1946 3068 prosperitatis
1992 2988 2246 3066 impetus
2275 2986 2575 3047 Caesareae.
2621 2986 2756 3066 [88]
2845 2981 2849 2985 ⁴

546 3083 687 3143 Erat
712 3103 786 3143 eo
814 3083 962 3144 forte
992 3104 1148 3145 anno
1174 3095 1420 3166 propter
1442 3086 1577 3146 coeli
1611 3084 1945 3146 ariditatem
1973 3083 2252 3144 frumenti
2280 3084 2756 3162 praeter'solitum

548 3179 768 3258 inopia.
851 3182 935 3241 Ea
981 3201 1074 3242 res
1102 3185 1323 3244 Caesari
1368 3183 1656 3261 persuasit
1683 3194 1750 3244 ut
1776 3183 2031 3261 legiones
2065 3202 2173 3262 per
2199 3182 2440 3241 hiberna
2468 3176 2758 3242 distrahe*-

544 3287 659 3348 ret.
708 3298 782 3338 ne
809 3279 1155 3357 conjunctae
1185 3279 1391 3340 urbem
1434 3299 1609 3340 unam
1638 3285 1741 3339 aut
1786 3279 2024 3340 alteram
2070 3287 2522 3357 praegravarent.
2604 3260 2758 3348 Quas

546 3373 855 3435 distractio
884 3375 1228 3454 reipublicae
1269 3395 1421 3455 pene
1448 3377 1628 3437 totius
1667 3377 1728 3436 in
1776 3376 2094 3455 perniciem
2122 3375 2313 3436 vertit.
2399 3374 2495 3436 Sic
2521 3370 2760 3435 fortuna

545 3470 840 3539 interdum
869 3471 1428 3552 sapientissimorum
1459 3475 1805 3552 ¹00quorum
1837 3473 2137 3534 bominum
2183 3472 2431 3534 consilia
2459 3482 2652 3533 versat
2686 3491 2758 3532 ac

547 3567 817 3649 dissipat.
888 3570 1072 3631 Erant
1098 3571 1335 3650 quidem
1354 3571 1613 3650 legiones
1641 3580 1857 3650 prater
1882 3591 2078 3643 unam,
2112 3571 2377 3650 quamvis
2407 3571 2486 3630 ab
2515 3568 2760 3629 invicem

551 3668 859 3745 sejunctae,
903 3687 1105 3731 omnes
1133 3676 1328 3733 tamen
1356 3667 1512 3730 infra
1536 3677 1779 3728 centum
1805 3668 1966 3728 milia
1993 3685 2291 3748 passuum,
2339 3677 2406 3727 ut
2433 3666 2482 3727 si
2509 3665 2766 3727 necessi·

550 3768 955 3848 trisingum-et
979 3769 1159 3831 altera
1185 3771 1351 3832 alteri
1379 3791 1556 3851 opem
1586 3770 1739 3831 ferre
1775 3770 1935 3831 haud
1964 3790 2104 3830 sane
2131 3768 2369 3829 difficile
2395 3768 2759 3837 viderentur:

548 3874 611 3926 et
664 3874 955 3944 praeeram
999 3866 1171 3927 simul
1224 3867 1551 3946 legionibus
1605 3867 1819 3947 singuli
1867 3868 2083 3946 legati:
2147 3885 2329 3927 unam
2368 3885 2442 3925 ex
2492 3865 2764 3925 omnibus

544 3962 1039 4043 ‚Transpadanam
1069 3963 1359 4043 legionem
1403 3964 1462 4025 in
1493 3965 1797 4026 Eburones
1825 3964 2062 4024 mittens
2101 3981 2237 4023 cum
2269 3961 2527 4041 quinque
2555 3961 2764 4021 cohor-

540 4228 549 4237 .
616 4178 684 4229 94
714 4175 877 4241 laege,
906 4180 1213 4229 ouum—⁹5
1249 4178 1426 4244 Forte,
1456 4178 1614 4243 uocis
1632 4193 1689 4229 «ο
1706 4176 2017 4240 mnia—06
2049 4176 2210 4241 Lege,
2241 4174 2568 4243 diffluum-9⁷
2599 4173 2767 4236 Lege,

552 4257 981 4322 imperativa—98
1014 4256 1172 4323 Lege,
1188 4260 1578 4314 dedititium—»9⁹
1611 4261 1774 4325 Lege,
1793 4258 2116 4310 omitt—1⁰⁰
2148 4257 2323 4322 Forte,
2341 4269 2540 4321 quoque-
