3117 5025
901 447 998 497 ne
1046 447 1225 497 vrrs
1271 445 1473 498 sunu
1522 445 1880 498 ernesius,
2315 428 2490 496 1785

273 609 466 670 vata,
495 600 721 662 fessum
761 610 943 682 atque
985 602 1334 664 esurientem
1375 603 1696 664 exercitum
1739 601 2047 663 recreavit.
2130 598 2281 662 Inde
2325 598 2489 680 quod

276 694 440 755 bellis
466 710 676 778 aptum
709 708 948 778 tempus
976 700 1215 761 instaret
1238 700 1316 760 ad
1357 701 1585 760 bostem
1614 700 1698 760 ire
1742 710 1871 761 tota
1915 707 2110 760 mente
2138 697 2491 778 dispositus,

274 803 341 851 nt
386 794 713 868 inventum,
741 797 834 856 vel
860 796 1042 858 taedio
1070 797 1127 857 in
1164 808 1434 878 apertum
1464 798 1704 858 eliceret
1751 809 1812 858 et
1857 798 1919 857 in
1948 813 2204 877 pugnam
2233 806 2489 874 cogeret,

274 890 365 949 vel
394 891 707 952 obsidione
734 894 1078 954 conficeret.
1163 896 1321 954 Dum
1340 895 1417 954 ad
1446 896 1560 956 boc
1589 895 1698 955 iter
1725 894 2072 973 accingitur,
2103 893 2492 973 legationibus

274 988 599 1048 AEduorum
647 1001 925 1051 exoratus
970 990 1048 1049 ad
1094 993 1534 1071 componendas
1560 1011 1765 1052 eorum
1793 992 1926 1052 lites
1970 1003 2028 1052 et
2072 989 2496 1053 controversias

272 1085 600 1158 intestines,
631 1105 767 1166 qnae
795 1088 944 1149 inter
978 1088 1131 1149 duos
1172 1089 1459 1168 primores
1500 1090 1705 1170 populi
1752 1091 1826 1150 de
1874 1107 2103 1150 summo
2153 1088 2492 1169 magistratu

271 1192 440 1254 ortae,
469 1191 656 1244 totam
700 1187 906 1246 urbem
935 1185 1170 1248 alterins
1196 1188 1484 1266 suffragiis
1510 1189 1834 1267 agitabant,
1869 1196 2003 1247 ante
2033 1185 2228 1247 omnia
2253 1206 2326 1246 eo
2353 1203 2492 1265 pro-

272 1277 468 1339 ficisci
509 1282 731 1353 statuit,
763 1301 880 1341 non
924 1283 1155 1361 ignarus
1198 1284 1437 1362 quidem
1469 1296 1692 1364 quanta
1717 1285 2039 1364 praesertim
2066 1286 2123 1344 in
2167 1283 2327 1345 bello
2355 1282 2491 1361 jnc-

272 1386 406 1438 tura
452 1378 533 1438 sit
573 1381 873 1459 temporis,
902 1391 1190 1458 quantum
1241 1383 1301 1440 in
1345 1381 1627 1442 dilatione
1671 1382 2037 1460 periculum:
2083 1380 2185 1442 sed
2238 1381 2490 1441 amicam

273 1475 485 1536 urbem
528 1476 865 1550 destituere,
896 1481 1119 1557 populo
1162 1480 1432 1539 Romano
1489 1495 1671 1558 seque
1725 1480 2031 1558 indignum
2072 1478 2490 1550 arbitrabatur,

273 1592 457 1656 quum
492 1574 627 1652 jam
675 1577 732 1635 in
779 1576 958 1636 armis
1012 1597 1141 1638 esse
1199 1578 1350 1638 lianc
1370 1578 1453 1638 ob
1482 1595 1722 1637 causam
1750 1587 1809 1637 et
1833 1597 1982 1656 pene
2015 1578 2144 1656 jam
2174 1576 2491 1656 confligere

273 1669 437 1731 fama
477 1682 635 1732 erat:
691 1693 887 1753 neque
916 1674 1286 1734 inhonestum
1335 1674 1515 1734 modo
1555 1674 1656 1734 sed
1706 1675 2103 1753 periculosum
2139 1673 2493 1752 providebat

271 1788 405 1830 earn
437 1792 559 1832 rem
588 1775 913 1854 negligere:
958 1794 1033 1835 ne
1059 1773 1339 1834 auxilium
1370 1773 1637 1834 fortassis
1664 1773 1742 1832 ab
1773 1771 2041 1832 hostibus
2084 1791 2216 1851 pars
2258 1770 2492 1831 inferior

272 1870 625 1946 postularet,
657 1887 852 1950 neque
880 1868 1078 1931 ⁸’vere
1105 1872 1218 1950 legi
1246 1870 1573 1930 amicorum
1605 1869 1722 1929 ulla
1771 1871 1827 1928 lu
1869 1880 2040 1949 parte
2072 1869 2354 1948 derogare
2403 1868 2491 1929 fus

272 1964 555 2038 ducebat,
588 1988 706 2046 qua
753 1967 872 2027 utla
901 1968 1125 2028 ratione
1149 1967 1318 2046 ”qni
1361 1967 1472 2027 sibi
1501 1966 1747 2045 gradum
1776 1985 1911 2047 pars
1941 1979 2189 2045 utraque
2220 1965 2493 2026 vendica-

273 2071 364 2122 ret
390 2064 570 2124 rebus
599 2065 872 2124 omnibus
901 2083 1077 2143 regno
1108 2085 1304 2146 parem
1329 2086 1346 2136 ς
1390 2065 1501 2125 nisi
1528 2075 1739 2126 aetate:
1782 2075 1908 2126 erat
1934 2065 2084 2125 enim
2133 2064 2356 2124 animus
2399 2063 2489 2123 in-

271 2171 498 2239 gratus.
585 2164 986 2232 Quamobrem
1014 2164 1150 2223 ⁹¹ne
1176 2163 1251 2224 ad
1302 2184 1364 2224 se
1412 2175 1611 2242 patres
1659 2183 1906 2224 evocare
1947 2163 2253 2233 sustinuit:
2300 2181 2493 2241 neque

272 2259 589 2339 indignum
642 2261 872 2322 censuit
912 2263 1231 2342 negotium,
1300 2262 1377 2322 ad
1445 2262 1608 2341 quod
1659 2259 2134 2341 componendum
2182 2261 2311 2340 ipse
2355 2278 2492 2337 pro-

272 2357 664 2418 ficisceretur.
773 2360 841 2419 In
901 2361 1127 2421 AEduos
1171 2361 1348 2441 igitur
1386 2381 1519 2420 cuni
1571 2361 1817 2420 venisset
1881 2361 2188 2420 Decetiam
2249 2356 2489 2437 opidum

270 2467 330 2516 et
355 2467 556 2536 partes
581 2467 641 2517 et
679 2467 945 2518 senatum
975 2479 1211 2520 ornnem
1252 2462 1565 2522 convenire
1597 2458 1813 2538 jussit.
1851 2470 1911 2519 et
1949 2476 2207 2538 praesens
2243 2456 2316 2517 de
2351 2456 2492 2535 jure

271 2555 533 2632 panium
595 2556 894 2635 cognovit,
953 2569 1259 2637 metusque
1301 2576 1506 2619 omnes
1567 2578 1672 2619 sua
1719 2558 2070 2619 auctoritate
2108 2554 2491 2634 compescuit.

272 2652 451 2731 [130]
478 2655 694 2714 Cotum
724 2656 877 2715 enim
909 2656 1097 2717 virum
1136 2657 1587 2728 nobilissimum,
1627 2666 1687 2717 et
1714 2656 1895 2716 totius
1925 2654 2112 2733 gentis
2157 2651 2493 2732 potentissi-

270 2770 458 2823 mum,
490 2771 627 2811 cum
660 2762 916 2813 creatum
947 2764 1151 2815 contra
1178 2755 1335 2835 leges
1366 2756 1543 2817 certis
1585 2754 1934 2816 testimoniis
1986 2750 2494 2831 deprehendisset,

269 2848 611 2909 ⁹²eredere:
643 2849 1173 2912 Convictolitanem
1206 2873 1346 2913 vero
1373 2853 1482 2913 rite
1503 2872 1612 2931 per
1640 2851 1973 2913 sacerdotes
1994 2869 2156 2910 more
2183 2847 2377 2927 patrio
2405 2846 2496 2907 in-'

270 2946 551 3007 stitutum
594 2965 842 3025 praeesse
881 2949 934 2986 ⁹³
949 2949 1292 3030 magistratu
1340 2950 1668 3028 imperavit,
1707 2949 2299 3027 obtemperatumque
2344 2962 2498 3023 prae·

272 3056 457 3124 cepto
486 3055 600 3116 est,
631 3044 754 3106 sine
786 3046 903 3105 ullo
927 3066 1226 3107 murmure
1252 3058 1356 3107 aut
1386 3047 1665 3127 querela:
1711 3046 1977 3106 hortatus
2027 3043 2241 3105 debinc
2272 3043 2495 3104 AEduos

274 3152 338 3204 nt
382 3142 667 3202 civilibus
710 3142 1018 3205 discordiis
1048 3145 1424 3218 abstinerent,
1473 3166 1606 3224 quae
1652 3144 1945 3226 pestiferat
1990 3162 2223 3222 semper
2272 3141 2494 3221 magnis

270 3240 525 3301 urbibus
552 3261 627 3301 ac
657 3239 904 3302 funestae
932 3240 1174 3311 ⁹“sunu
1222 3252 1406 3323 utque
1446 3244 1503 3302 in
1539 3262 1799 3322 praesens
1845 3241 2065 3301 bellum
2109 3239 2320 3299 auxilia
2359 3257 2493 3317 quas

270 3347 522 3416 possent
553 3339 869 3411 mitterent,
915 3340 1150 3400 devicta
1200 3340 1398 3403 Gallia
1444 3339 1625 3421 digna
1674 3362 1709 3401 a
1755 3360 1818 3400 se
1867 3337 2108 3420 praemia
2134 3338 2493 3417 percepturi,

268 3438 572 3516 equitatus
600 3438 682 3495 ab
727 3437 813 3497 bis
845 3458 1047 3499 omnes
1075 3449 1135 3499 et
1164 3438 1369 3499 decem
1399 3440 1557 3499 milia
1587 3439 1853 3518 peditum
1895 3436 2098 3497 ut‘sibi
2129 3437 2497 3495 mitterentur

269 3534 551 3596 obtinuit.
653 3537 829 3596 Tunc
883 3536 1201 3596 exercituin
1256 3535 1404 3595 duas
1475 3535 1774 3596 distribuit
1829 3535 1884 3596 in
1942 3545 2176 3613 partes:
2241 3540 2498 3609 quatuor

273 3632 531 3711 legiones
555 3642 616 3692 et
645 3644 870 3712 partem
900 3654 1018 3694 uon
1046 3634 1314 3714 exiguam
1345 3636 1644 3713 equitatus
1675 3634 1788 3694 sub
1819 3633 2081 3693 Labieno
2121 3630 2178 3688 in
2226 3631 2492 3689 Senones

270 3741 451 3810 atque
478 3731 530 3770 ⁹⁵
551 3732 813 3792 Periseos
839 3731 1073 3794 direxit.
1161 3735 1183 3792 1
1191 3754 1293 3812 pse
1324 3750 1460 3792 cum
1491 3753 1591 3792 sex
1633 3732 1959 3810 legionibus
1984 3740 2044 3790 et
2071 3728 2300 3805 reliquo
2324 3725 2497 3804 equi·

272 3839 395 3888 tntu
418 3830 479 3888 in
512 3830 802 3889 Alvernos
833 3829 1024 3903 rediit,
1056 3833 1425 3911 perrexitque
1456 3832 1842 3911 Gergouiam.
1919 3824 2360 3905 Vercingetorix
2390 3824 2496 3884 ad·

272 3936 452 3987 ventu
509 3927 762 3987 Caesaris
810 3930 1197 4007 praecognito,
1248 3948 1365 4007 qua
1408 3927 1828 3989 transeundum
1879 3926 1962 3985 illi
2010 3932 2251 3983 noverat
2294 3941 2496 3981 omnes

272 4021 435 4084 fluvii
483 4034 699 4104 pontes
746 4026 934 4105 fregit,
984 4027 1080 4087 cui
1126 4024 1405 4098 ⁹⁶Laben
1454 4026 1675 4086 alicubi
1721 4026 1934 4086 Claver
1981 4042 2192 4083 nomen
2242 4021 2500 4079 invenio.-

334 4206 405 4259 80,
435 4205 616 4267 Forte,
645 4204 815 4254 reteri.
818 4208 950 4256 -90
974 4207 1255 4258 Mendosns
1280 4210 1419 4259 locus
1441 4214 1498 4260 et
1521 4209 1752 4258 mutilus.
1755 4210 1881 4256 -91
1907 4205 2087 4264 Forte,
2107 4216 2191 4251 nec
2213 4201 2275 4249 ard
2296 4215 2347 4249 se
2382 4214 2494 4262 par-

272 4286 492 4334 tae-92
522 4285 689 4347 Lege,
722 4287 901 4335 cedere.
905 4290 1035 4338 *oe
1070 4288 1230 4354 Lege,
1263 4305 1352 4354 pro
1389 4291 1695 4354 magistratu.
1699 4291 1827 4338 -94
1865 4287 2026 4351 Lege,
2064 4283 2179 4335 sint.
2183 4284 2310 4331 -95
2335 4279 2493 4345 Lege,

280 4363 504 4417 Per-fficio.
504 4371 643 4418 -96
678 4366 856 4417 mater
875 4370 1069 4421 Caesari
1087 4370 1303 4423 ‹licitur›
