3117 5025
872 467 971 516 nn
1036 465 1212 516 vrrs
1257 467 1462 517 sumi
1509 467 1866 520 clessam.
2304 451 2477 520 1819

298 609 518 673 vinciam
542 611 819 691 adeptus,
851 631 991 672 mox
1018 632 1157 673 cum
1202 613 1273 674 L.
1306 613 1602 675 Domitius
1643 614 1964 676 consularis
1989 614 2345 676 candidatus
2372 614 2480 675 mi·
2571 623 2580 626 “

301 719 526 781 unietur,
554 710 604 770 si
649 709 728 771 ad
778 710 1148 770 consulatum
1181 709 1528 790 perveniret,
1556 720 1618 771 et
1645 711 2057 793 inquisiturum
2083 723 2291 775 contra
2316 721 2480 782 eum,

298 816 349 865 et
390 806 493 866 sibi
528 808 822 869 exercitus
864 807 1304 892 adempturum:
1347 807 1532 889 ipsius
1575 827 1819 889 quoque
1865 810 2151 892 Pompeji,
2199 810 2373 871 simul
2416 819 2478 869 et

299 901 467 963 Marci
491 906 686 967 Crassi
726 925 929 985 opera,
957 915 1019 966 et
1045 905 1438 967 adversarium
1466 926 1504 967 a
1532 909 1843 968 consulatu
1872 908 2107 986 repulit,
2135 918 2198 969 et
2222 905 2480 968 obtinuit

296 1000 393 1058 sibi
436 1001 742 1082 imperium
796 1003 855 1063 in
906 1003 1375 1083 quinquennium
1429 1004 1764 1084 prorogari:
1828 1003 2043 1084 quibus
2099 1003 2357 1065 obtentis
2402 1021 2478 1064 eo

299 1096 509 1160 fiduciae
532 1111 623 1161 est
642 1091 904 1173 erectus,
928 1109 993 1160 ut
1009 1100 1138 1177 jam
1170 1099 1314 1160 nihil
1342 1100 1457 1161 sibi
1483 1099 1726 1162 credens
1756 1099 2115 1178 impossibile
2134 1108 2195 1160 et
2220 1099 2478 1180 legiones

295 1212 452 1255 novas
479 1198 831 1259 auctoritate
859 1217 966 1258 sua
993 1197 1294 1269 scriberet,
1343 1199 1517 1278 [173]
1562 1207 1626 1259 et
1670 1196 1812 1257 nihil
1859 1197 2022 1278 quod
2049 1197 2103 1257 ei
2129 1198 2188 1258 in
2215 1197 2475 1258 animum

296 1292 536 1366 venioeet,
565 1295 810 1375 aggredi
837 1303 1148 1357 vereretur.
1232 1296 1467 1367 Quibus
1494 1297 1674 1358 rebus
1698 1315 1810 1375 ego
1837 1296 2015 1376 culpa
2041 1297 2333 1358 Caesarem
2360 1315 2478 1356 non

293 1387 529 1463 absolvo,
560 1393 705 1453 feeit
731 1391 993 1473 quidem,
1025 1411 1144 1452 non
1172 1391 1426 1466 inficior,
1456 1394 1675 1473 quibus
1702 1394 1947 1466 liberam
1974 1393 2155 1456 immo
2180 1393 2476 1455 dominam

293 1488 527 1564 gentium
568 1489 868 1551 civit'atem
897 1490 957 1548 in
984 1479 1282 1569 stuporem
1311 1491 1502 1570 primo
1531 1501 1669 1572 post
1695 1491 1752 1552 in
1788 1493 1933 1552 iram
1961 1500 2243 1553 verteret:
2287 1489 2476 1551 forum

280 1583 436 1662 ”per
461 1587 713 1648 maxime
757 1588 1022 1666 impense
1070 1588 1252 1668 coepit
1294 1597 1561 1650 extruere
1594 1610 1628 1651 e
1655 1589 1965 1662 nnunubiis,
1994 1609 2131 1670 quae
2158 1608 2277 1650 non
2305 1586 2479 1648 ⁸⁰⁰sui

292 1691 435 1743 mut
462 1684 564 1745 sed
595 1685 807 1765 populi
848 1685 1126 1746 Romani:
1171 1685 1541 1767 disciplinam
1588 1687 1910 1760 militarem,
1959 1686 2199 1767 publice
2244 1687 2476 1748 solitam

294 1777 499 1854 doceri,
526 1782 605 1843 nd
638 1802 699 1843 se
729 1782 982 1856 reduxit,
1030 1793 1095 1844 ut
1121 1784 1389 1864 privatim
1433 1805 1542 1846 suo
1572 1784 1884 1846 doceretur
1910 1775 2184 1846 arbitrio:
2227 1783 2388 1863 quod
2417 1795 2481 1845 et

292 1875 530 1941 fortassis
557 1881 674 1943 sibi
703 1901 811 1942 suo
843 1882 981 1962 jure
1007 1880 1253 1955 licuerit,
1283 1893 1347 1944 ut
1374 1885 1477 1964 qui
1507 1893 1737 1964 purtem
1763 1884 1821 1942 in
1849 1882 1975 1962 ejus
2003 1883 2086 1943 rei
2113 1881 2323 1962 peritis
2360 1900 2477 1942 non

290 1974 534 2048 haberet,
559 1977 678 2040 suit
706 1989 900 2040 tamen
928 1990 1137 2040 contra
1168 2000 1356 2041 mores
1380 1990 1561 2060 atque
1592 1979 1857 2040 instituta
1889 1975 2198 2058 majorum,
2227 1997 2479 2058 quorum

288 2088 501 2153 semper
544 2070 1046 2138 observantissimi
1081 2076 1312 2138 fuerant
1356 2076 1643 2138 Romanii
1688 2075 2015 2156 legionibus
2045 2077 2101 2139 in
2131 2095 2305 2138 omne
2331 2087 2479 2138 tem·

288 2186 389 2248 pus
432 2173 793 2253 stipendium
840 2173 1191 2254 duplicavit:
1240 2174 1404 2255 quod
1455 2174 1698 2255 quidem
1748 2174 1856 2234 etsi
1896 2175 2179 2235 exercitui
2225 2174 2485 2254 gratissi·

292 2281 436 2328 mum
476 2269 679 2344 fuerit,
709 2291 964 2352 eumque
1004 2272 1287 2334 militibus
1315 2273 1716 2335 charissimum
1755 2272 1980 2344 fecerit,
2011 2272 2100 2333 sic
2145 2280 2213 2332 ut
2250 2271 2482 2333 charior

290 2381 443 2426 nemo
490 2388 755 2449 unquam
809 2370 991 2441 aliusg
1053 2372 1628 2450 sumptuosissimum
1670 2382 1869 2433 tamen
1919 2369 2265 2449 reipublicoe
2303 2369 2482 2429 fuisse

288 2479 394 2523 non
435 2466 781 2549 ambigitur:
823 2477 888 2529 et
932 2469 1063 2530 baee
1113 2469 1353 2550 quidem
1394 2470 1545 2532 inter
1595 2489 1750 2531 suos.
1834 2468 2013 2550 Apud
2065 2477 2308 2531 exteros*
2344 2485 2483 2527 vero

288 2579 435 2640 reges
461 2575 787 2645 gentesque
816 2575 1029 2646 praeter
1074 2566 1374 2628 licentiam
1402 2570 1654 2628 Senatus
1683 2587 1755 2627 sc
1784 2567 1992 2647 populi
2022 2567 2193 2627 miras
2220 2563 2485 2627 exercuit

287 2657 592 2734 libertates,
620 2683 740 2723 non
790 2672 860 2723 ut
896 2663 1019 2725 dux
1052 2666 1256 2744 populi
1304 2665 1574 2737 Romani,
1627 2664 1733 2725 sed
1783 2674 1850 2725 ut
1896 2664 2168 2727 dominus
2204 2671 2309 2723 aut
2345 2679 2480 2722 rex:

288 2748 465 2836 neque
492 2760 687 2820 udum
714 2762 775 2821 in
805 2762 994 2836 ltalia,
1027 2763 1360 2843 Galliisqne
1388 2773 1449 2824 et
1478 2761 1782 2843 Hispanis,
1826 2760 1930 2822 sed
1961 2762 2018 2821 in
2049 2760 2194 2821 Asia
2220 2760 2394 2821 etiam
2422 2769 2486 2819 et

289 2851 526 2929 Graecia,
574 2867 639 2919 et
686 2858 841 2919 dona
887 2860 1232 2942 'indigentie
1278 2869 1338 2922 et
1382 2859 1724 2935 auxiliateis
1773 2858 1947 2928 misit,
1984 2868 2044 2919 et
2071 2876 2275 2917 eorum
2305 2855 2480 2917 nrbes

288 2951 567 3025 praeclaris
594 2954 876 3035 operibus
902 2957 1243 3018 adornavit:
1287 2959 1493 3037 'quem
1540 2957 1735 3016 omnia
1780 2955 1892 3016 etsi
1935 2963 2142 3016 contra
2167 2964 2483 3015 consuetu-

286 3044 464 3110 dinem
486 3053 889 3121 Romanorum
915 3054 1153 3125 ducum,
1184 3054 1469 3133 aliterque
1496 3074 1570 3114 ac
1599 3073 1728 3113 mos
1755 3052 1980 3132 patrius
2007 3052 2297 3130 exigebat,
2325 3049 2486 3112 facta

286 3163 390 3205 nou
415 3149 767 3228 negaverim,
815 3163 1021 3231 posset
1065 3162 1263 3212 tamen
1300 3162 1608 3212 excusator
1633 3151 1907 3212 inveniri:
1952 3150 2144 3211 solent
2185 3150 2337 3211 enim
2381 3152 2484 3230 qni

286 3243 499 3321 majora
525 3248 662 3308 aliis
691 3258 891 3327 agunt,
920 3260 983 3312 et
1023 3251 1254 3329 majora
1296 3269 1672 3328 praesumere,
1710 3260 1790 3323 et,
1817 3269 1941 3329 quo
1972 3249 2177 3310 melius
2205 3248 2315 3309 sibi
2345 3256 2485 3308 sunt

287 3343 512 3415 conscii,
542 3347 686 3425 plus
714 3347 951 3407 audere.
1034 3348 1161 3408 Erit
1191 3346 1439 3407 fortasse
1468 3348 1573 3427 qui
1601 3347 1780 3418 dicat,
1810 3346 2113 3408 tolerabile
2140 3347 2200 3406 in
2230 3348 2480 3418 Caesnre,

287 3439 432 3516 quod
460 3439 518 3501 iu
540 3442 662 3503 alio
692 3443 960 3521 quolibet
989 3463 1106 3504 non
1135 3442 1372 3504 fuisset:
1415 3444 1523 3504 erit
1551 3466 1627 3504 ex
1651 3445 1888 3505 diverso
1916 3445 2018 3524 qui
2048 3446 2163 3505 hoc
2190 3443 2484 3504 favorabi-

288 3535 407 3596 liter
449 3539 699 3617 potius„
721 3559 897 3619 quam
946 3538 1192 3601 civiliter
1229 3541 1456 3602 dictum
1487 3542 1681 3603 dicat:
1723 3541 2069 3602 excellentia
2095 3541 2249 3601 enim
2281 3541 2483 3619 ³cujus

285 3644 339 3693 et
363 3635 467 3696 viri
497 3637 643 3696 boni
671 3656 789 3697 non
817 3638 1110 3700 licentiam
1142 3639 1320 3700 debet
1345 3659 1578 3719 augere,
1624 3640 1724 3700 sed
1765 3638 2134 3699 modestiam.
2218 3637 2328 3697 His
2358 3649 2486 3697 tan·

286 3728 407 3791 (lem
438 3733 765 3813 horumque
794 3735 1084 3797 similibus
1112 3756 1185 3797 ex
1212 3739 1404 3798 causis
1449 3736 1718 3798 ⁴tandem
1769 3736 1951 3797 latens
1991 3735 2183 3813 erupit
2229 3734 2480 3795 invidiat

285 3828 443 3907 [174]
490 3842 553 3892 et
597 3831 790 3911 primo
818 3831 1061 3911 quidem
1110 3843 1398 3894 tentatum
1446 3834 1524 3895 ab
1569 3832 1794 3892 aemulis
1839 3829 2163 3892 Labienum
2211 3830 2480 3909 legimus,

287 3925 443 4002 cujus
471 3928 692 3988 crebra
719 3929 936 3989 mentio
965 3928 1023 3989 in
1055 3930 1453 4010 superioribus
1500 3937 1593 3990 est
1640 3929 1864 4001 habita,
1905 3947 2080 4007 quem
2112 3938 2254 3988 tunc
2281 3930 2485 3991 Coesar

285 4021 568 4104 cisalpinae
618 4024 836 4086 Galliae
877 4027 1256 4106 prefecerat:
1302 4027 1464 4108 quod
1510 4046 1586 4088 eo
1628 4026 1949 4106 spectabat,
1997 4034 2064 4086 ut
2103 4045 2175 4086 eo
2209 4026 2483 4100 alienato,

341 4271 402 4317 99
431 4270 593 4337 Lege,
607 4271 921 4336 pam-sim
940 4272 1341 4337 impensa-100
1378 4274 1538 4339 Lege,
1554 4277 1756 4325 επακ-1
1785 4273 1945 4337 Lege,
1968 4271 2300 4335 ingentia—2
2323 4273 2486 4337 Lege,

283 4357 488 4411 qum—8
525 4355 707 4417 Forte,
726 4354 960 4406 tinisa-4
996 4355 1295 4407 Delendum
1318 4356 1524 4407 tonde-n.
