3117 5025
924 438 1024 491 ns
1069 438 1250 489 vrrs
1299 438 1503 490 sunu
1553 435 1909 489 cassus.
2339 420 2514 490 1⁷45

286 589 518 652 unimus
541 598 601 651 et
630 587 926 649 invictus:
958 588 1091 668 [78]
1115 586 1404 649 frumenta
1444 587 1623 667 igitur
1647 609 1721 649 ex
1760 589 1913 669 agris
1941 587 2199 669 vicisque
2226 589 2503 652 omnibns

297 689 359 749 in
396 698 591 749 eastra
628 685 916 768 quotidie,
943 687 1061 747 ⁴³et
1103 688 1372 758 navibus,
1405 706 1540 768 quae
1568 687 2018 767 irreparabiliter
2044 708 2278 769 quassoe
2323 697 2510 762 erant,

297 785 622 855 dissolutis,
649 805 723 844 ex
750 804 824 845 ea
852 784 1089 844 materia
1112 784 1254 845 alias
1274 782 1475 857 τεθείς
1519 793 1582 844 et
1608 784 1772 863 quod
1802 784 2004 846 deerat
2032 806 2107 846 ex
2135 785 2346 846 Galliis
2372 804 2518 846 con-

294 882 429 942 vehi
456 880 745 941 faciebat:
774 878 959 959 idque
986 888 1150 941 tanta
1176 880 1346 942 ducis
1376 880 1784 953 sollicitudine,
1827 890 1997 942 tanto
2037 882 2288 943 militum
2318 880 2517 943 studio

298 987 530 1058 gestum
558 987 671 1049 est,
703 986 769 1037 ut
812 998 888 1036 ex
929 977 1203 1038 omnibus
1232 998 1352 1038 non
1380 978 1633 1058 amplius
1662 997 1843 1059 qnam
1880 979 2194 1041 duodecim
2240 980 2301 1040 in
2326 989 2519 1040 totum

300 1075 549 1156 perditis
580 1071 821 1152 reliquae
848 1073 924 1135 ad
955 1074 1268 1154 navigandi
1307 1095 1479 1136 usum
1517 1084 1805 1155 reparata:
1848 1076 1908 1136 in
1957 1075 2236 1137 anchoris
2280 1085 2523 1137 starent.

298 1173 397 1234 Sic
445 1172 619 1253 quasi
659 1171 952 1233 “reddita
1004 1172 1178 1233 advia
1217 1173 1444 1235 animos
1489 1172 1744 1234 militum
1789 1173 2155 1253 providentia
2208 1173 2300 1234 sui
2347 1173 2519 1234 ducis
2568 1211 2576 1220 ·

299 1281 591 1330 erexerat.
672 1269 879 1332 ⁴⁵llluc
907 1271 1143 1332 assidue
1171 1271 1587 1332 frumentatum
1616 1290 1750 1351 pars
1790 1271 2116 1332 exercitus:
2160 1270 2526 1351 contigitque

300 1364 403 1426 die
430 1365 712 1445 quodam,
758 1378 828 1429 ut
870 1368 1100 1447 legione
1148 1367 1399 1448 septima
1437 1368 1513 1429 ad
1562 1369 1623 1428 id
1660 1368 1857 1447 ipsum
1900 1368 1978 1429 de
2018 1388 2183 1429 more
2212 1367 2517 1447 profectag

298 1462 563 1536 barbari,
587 1466 692 1545 qui
730 1486 801 1527 eo
844 1474 1142 1527 venturam
1181 1488 1253 1528 ex
1301 1465 1507 1527 ordine
1544 1467 1897 1546 cogitarent,
1925 1466 2087 1546 quod
2125 1467 2254 1545 jam
2292 1464 2420 1526 aliis
2459 1464 2521 1524 iu

298 1562 576 1643 partibus
615 1563 851 1626 inventa
898 1564 1189 1625 frumenta
1216 1564 1689 1645 praecedentibus
1718 1564 1929 1626 diebus
1956 1564 2358 1635 abstulissent,
2388 1582 2528 1624 noc-

302 1659 496 1720 turnis
551 1680 684 1722 eam
723 1651 1211 1740 ‘proestolarentur
1258 1661 1521 1725 insidiis:
1568 1682 1707 1722 cum
1756 1670 1950 1723 tamen
1994 1663 2152 1722 nulla
2199 1661 2531 1741 suspicacio

302 1757 450 1819 belli
488 1768 663 1832 esset,
694 1759 801 1820 sed
842 1759 1107 1821 ruricolae
1136 1760 1356 1840 passim
1383 1771 1445 1822 et
1485 1759 1545 1821 in
1573 1760 1726 1840 agris
1756 1770 2124 1841 vagarentur,
2153 1768 2216 1820 et
2240 1758 2524 1821 Romanis

304 1855 369 1914 in
419 1856 629 1917 castris
687 1856 867 1917 libere
917 1866 1316 1930 versarentur:
1383 1857 1614 1936 legione
1669 1868 1864 1918 autem
1918 1866 2242 1936 conspecta
2287 1877 2321 1918 e
2377 1856 2531 1916 silvis

304 1962 650 2032 eruperant,
676 1974 929 2033 eamque
968 1954 1137 2034 equis
1178 1965 1241 2016 et
1281 1954 1590 2018 essedariis
1618 1953 2171 2016 circumdederant:
2218 1954 2433 2034 quibus
2459 1973 2534 2013 eo

306 2060 585 2132 tempore
606 2052 693 2112 sic
722 2053 1054 2125 utebantur,
1089 2063 1155 2114 ut
1182 2064 1245 2114 et
1264 2052 1566 2115 levitatem
1595 2053 1861 2132 equitum
1904 2062 2250 2131 praestarent
2270 2061 2332 2112 et
2369 2051 2540 2132 pedi-

306 2158 443 2209 tum
498 2146 855 2208 firmitatem.
963 2149 1043 2209 Et
1088 2150 1221 2228 jam
1261 2149 1412 2230 legio
1467 2150 1754 2228 impetum
1803 2138 2230 2229 numerumque
2276 2147 2538 2210 hostium

304 2245 593 2306 sustinere
620 2245 716 2304 vix
744 2253 970 2324 poterat
984 2267 1001 2317 3
1029 2243 1232 2307 ⁴⁶dum
1255 2254 1577 2307 castrorum
1601 2247 1883 2308 custodes
1906 2249 2200 2308 Caesarem
2227 2246 2532 2308 certiorem

306 2343 544 2403 faciunt
586 2342 885 2422 pulverem
929 2343 1100 2406 solito
1143 2346 1430 2424 majorem
1468 2344 1546 2404 ab
1593 2364 1685 2419 ea,
1731 2366 1852 2425 quo
1908 2346 2059 2424 legio
2098 2345 2368 2426 profecta
2413 2353 2542 2406 erat

308 2450 484 2521 parte
519 2459 907 2520 consurgere:
953 2441 1151 2502 statim
1193 2441 1357 2521 quod
1408 2449 1536 2502 erat
1591 2442 1840 2524 augurio
1896 2444 2072 2503 animi
2126 2442 2535 2525 apprehendit,

310 2538 680 2618 arreptisque
709 2538 885 2599 armis
923 2539 1039 2600 illic
1067 2559 1384 2620 properans
1412 2561 1547 2601 cum
1577 2551 1744 2620 parte
1773 2542 2069 2603 exercitus
2095 2542 2321 2602 invenit
2360 2541 2543 2622 legio-

313 2657 453 2698 nem
500 2637 560 2696 in
616 2637 833 2696 ultimis
887 2637 1293 2699 laborantem:
1342 2658 1463 2698 non
1506 2637 1621 2700 fuit
1648 2659 1802 2719 opus
1830 2640 2084 2718 proelio:
2131 2640 2252 2699 sola
2291 2640 2540 2700 Caesaris

313 2733 639 2814 praesentia
692 2734 807 2793 suis
864 2744 1104 2807 metum,
1154 2734 1417 2797 hostibus
1462 2724 1776 2797 victo'riam
1822 2734 2053 2815 eripuit.
2159 2735 2293 2795 Sive
2319 2746 2544 2797 -autem

314 2833 467 2895 hora
496 2832 682 2892 serior
706 2831 842 2904 diei,
872 2831 994 2891 sive
1034 2829 1205 2892 ⁴⁷alia
1230 2851 1365 2892 eum
1394 2850 1577 2893 causa
1611 2840 1944 2904 tenuerunt,
1976 2852 2115 2891 snos
2141 2831 2542 2912 liberassepe·

312 2926 510 2992 riculo
538 2937 851 2991 contentus
895 2928 1131 2990 intactis
1162 2929 1428 2991 hostibus
1456 2938 1653 2990 castra
1693 2929 1960 3007 repetiit:
2009 2927 2295 3008 proximis
2334 2928 2547 2992 diebus

317 3036 501 3088 tantae
541 3024 779 3087 fuerunt
822 3035 1202 3105 tempestates
1241 3035 1309 3088 ut
1362 3028 1666 3088 Romanos
1692 3025 2104 3087 ⁴‘'subtentorii
2146 3024 2437 3087 Britannis
2484 3025 2545 3087 in

290 3190 301 3205 ι
319 3124 522 3204 opidis
543 3122 893 3185 detinerent.
910 3125 973 3203 [7
976 3123 1206 3202 9]·Post
1225 3124 1357 3185 hoec
1381 3143 1496 3186 non
1515 3122 1968 3187 ⁴’tlestituerunt
1987 3125 2183 3185 hostes
2201 3144 2309 3204 per
2329 3125 2551 3205 legatos

290 3221 405 3291 ,ad
436 3220 663 3283 bellum
692 3230 878 3282 totam
910 3221 1162 3283 insulam
1203 3222 1518 3294 concitare,
1548 3232 1612 3283 et
1656 3224 2048 3284 Romanorum
2099 3221 2455 3300 paucitatem
2487 3230 2550 3281 et

290 3318 551 3399 ,prmdae
608 3318 1072 3399 magnitudinem
1114 3318 1445 3401 divulgare:
1491 3320 1733 3399 insuper
1771 3329 1834 3380 et
1880 3319 2140 3380 oblatam
2188 3318 2441 3391 coelitus,
2490 3326 2555 3378 et

284 3466 299 3475 .
329 3416 572 3476 minime
592 3415 982 3495 respuendam
1009 3425 1312 3497 perpetuae
1352 3416 1638 3478 libertatis
1664 3416 2074 3478 occasionem:
2123 3433 2377 3494 quornm
2415 3432 2555 3474 cum

330 3511 515 3574 fidem
545 3512 855 3592 publicam
898 3513 1217 3574 invenisset
1258 3513 1610 3585 ⁵⁰Assercio,
1660 3515 1928 3592 equitum
1971 3521 2034 3573 et
2081 3511 2350 3591 peditum
2380 3510 2558 3572 turba

327 3608 537 3690 ingens
568 3609 648 3670 ad
689 3611 958 3671 Romana
982 3618 1179 3671 castra
1205 3607 1527 3671 confluxit:
1579 3618 1789 3671 contra
1815 3629 1967 3689 quos
2026 3609 2226 3669 Caesar
2267 3608 2323 3667 in
2369 3607 2556 3669 aciem

329 3710 594 3789 legiones
618 3708 825 3770 eduxit
849 3718 911 3768 et
952 3707 1159 3789 proelia
1199 3708 1391 3768 victor
1432 3705 1716 3788 profugos
1764 3708 2088 3777 insecutus,
2131 3725 2331 3766 omnes
2381 3704 2553 3779 fudit,

332 3806 621 3885 plurimos
677 3806 989 3879 interfecit,
1048 3805 1421 3886 incensisque
1477 3806 1598 3865 late
1648 3804 1866 3866 finibus
1911 3803 1973 3864 ln
2025 3813 2219 3863 castra
2264 3802 2562 3865 remeavit.

298 3970 305 3977 ‚
331 3904 571 3966 Secutae
599 3914 736 3965 sunt
761 3905 1017 3984 legiones
1046 3905 1307 3967 hostium
1334 3923 1546 3984 pacem
1568 3903 1911 3982 veniamque
1935 3902 2290 3982 petentium:
2335 3900 2553 3983 quibus

400 4135 471 4183 43
505 4133 679 4184 Deest
728 4133 1069 4186 conubia—44
1104 4135 1282 4201 Forte,
1299 4134 1488 4187 reddita
1510 4135 1758 4185 vitm—⁴5
1794 4134 1952 4199 Lege,
1975 4133 2235 4185 lbet—46
2261 4134 2423 4198 Lege,
2442 4142 2566 4181 eun·

339 4218 473 4264 -47
496 4216 658 4280 Lege,
672 4216 783 4266 alia
798 4231 906 4266 eum
925 4222 1228 4269 σεται-48
1262 4218 1425 4284 Lege,
1444 4215 1534 4266 sub
1571 4215 1810 4281 monia,
1841 4215 2256 4267 Britannum-40
2278 4215 2448 4279 Lege,
2474 4225 2568 4263 non

339 4295 780 4348 mame-⁵⁰
810 4298 973 4371 μμ,
991 4298 1207 4353 matio.

479 4386 657 4452 napa.
677 4392 723 4439 a
755 4387 872 4440 να.
894 4389 1025 4440 σιω.
1481 4390 1606 4443 cm.
2333 4390 2367 4436 s
2396 4348 2472 4435 s*
