3117 5025
1037 450 1102 499 c.
1147 448 1352 500 ,ιυωι
1400 450 1763 501 cassum-
2319 439 2503 507 m

297 588 448 671 154'9
488 600 838 680 Gryphium
864 592 1023 660 vlit.
1067 600 1357 680 Lugduni,
1386 601 1547 681 apud
1580 603 1719 662 Seb.
1750 603 2103 683 Gryphium.
2154 615 2250 670 12.

295 704 450 757 1550
489 698 737 758 Parisiis.
781 707 841 757 4.
884 697 1047 777 apud
1077 700 1402 759 Vaseosun.
1462 700 1619 776 (Alia
1647 702 2003 780 exemplaria
2046 700 2492 764 habentnotum

364 796 498 855 anni
536 800 737 868 1551.)

291 900 432 954 1551
485 893 835 973 Gryphium
866 910 967 953 lx.
1009 892 1302 973 Lugduni,
1353 897 1509 974 apud
1555 897 1700 956 Seb.
1731 897 2086 975 Gryphium.
2140 907 2308 958 8.·c.
2347 896 2488 979 figg.

317 1020 322 1025 ·
363 990 726 1050 Memoratur
755 991 1022 1050 Harlesio
1064 991 1126 1050 in
1155 991 1363 1070 Suppl.
1408 993 1484 1053 ad
1533 993 1860 1054 breviorem
1888 995 2156 1055 notitiam
2198 995 2285 1055 lit.
2315 996 2490 1058 Rom.

363 1087 431 1146 P.
458 1103 508 1146 1.
540 1106 604 1167 p.
637 1096 777 1155 272.

288 1190 436 1244 1555
478 1186 832 1263 Gryphium
859 1203 931 1245 x.
964 1187 1255 1267 Lugduni,
1284 1188 1446 1267 apud
1473 1189 1611 1249 Seb.
1642 1188 1998 1269 Gryphium.
2050 1199 2145 1251 12.

287 1279 439 1342 1556
479 1282 836 1360 Gryphium
864 1301 966 1343 xi.
1011 1284 1305 1363 Lugduni,
1338 1284 1497 1364 apud
1527 1287 1671 1346 Seb.
1704 1286 2059 1366 Gryphium.
2106 1293 2164 1344 8.

283 1366 435 1439 1558
480 1379 772 1456 Lugduni.
822 1391 913 1443 12.
957 1381 1115 1459 apud
1149 1382 1522 1443 Frellonium.

281 1508 356 1520 -
397 1475 667 1534 Basileae.
714 1483 770 1536 8.
815 1497 870 1536 c.
903 1498 961 1536 n.
998 1478 1181 1538 Henr.
1213 1478 1520 1540 Glareuni.

277 1606 352 1618 —-
391 1572 690 1652 Lugduni.
741 1583 834 1637 12.
878 1576 1036 1654 apud
1073 1582 1211 1636 Ant.
1241 1578 1517 1638 vincent.
1547 1599 1621 1639 ex
1651 1578 1748 1639 ed.
1773 1581 1871 1641 Jo.
1899 1578 2186 1641 Jucundi.

279 1678 430 1741 {559
471 1671 755 1731 venetiis.
818 1682 876 1734 8.
941 1673 1014 1732 C.
1054 1674 1303 1735 Caesaris
1352 1676 1792 1748 commentarii,
1844 1697 1979 1736 cum
2026 1676 2260 1756 pictura
2304 1672 2482 1737 totius

349 1768 587 1839 Galliae.
630 1771 823 1848 pontis
852 1772 914 1829 in
954 1771 1183 1843 Rheno,
1233 1776 1349 1832 dcc.
1425 1773 1759 1853 Rnymundi
1809 1773 2084 1834 Murliuni
2143 1772 2367 1845 Iudice,
2418 1780 2482 1832 et

350 1868 810 1927 correctionibus
846 1868 1017 1929 Pauli
1061 1869 1342 1930 Munatii.
1425 1870 1713 1942 Venetiis,
1761 1869 1922 1949 apud
1974 1870 2220 1931 Paulum
2269 1871 2481 1931 Munu-

347 1964 518 2038 tium,
551 1965 691 2027 Aldi
721 1965 802 2027 fil.

730 2245 963 2308 AETAS
1005 2247 1114 2307 111.
1199 2244 2009 2310 GRYPHIo-BRUTINA.

1163 2376 1583 2439 1560-1605.

278 2549 424 2613 1560
461 2556 817 2635 Gryphium
864 2571 996 2617 πη.
1044 2555 1334 2636 Lugduni,
1361 2574 1461 2634 up.
1502 2555 1644 2616 Seb.
1678 2554 2039 2633 Gryphium.
2089 2563 2184 2615 12.
2214 2569 2300 2613 ποι
2324 2552 2473 2613 anti-

341 2651 626 2728 quissimo
651 2654 970 2734 exemplari
1015 2673 1256 2726 excuso,
1302 2671 1440 2716 cum
1478 2653 1578 2714 Jo.
1607 2650 1870 2713 Jucundi
1900 2650 2248 2711 Veronensis
2293 2668 2474 2729 expo-

339 2746 669 2809 sitionibus.

273 2843 411 2905 1561
457 2847 740 2908 venetiis.
789 2859 845 2911 8.
889 2868 1025 2909 cum
1054 2849 1515 2910 correctionibus
1542 2849 1612 2908 P.
1645 2845 1914 2907 Manutii.

273 2939 413 3002 1563
459 2944 695 3022 Brugis.
739 2943 864 3005 fol.-

265 3069 338 3083 —-
378 3040 651 3101 Basileae.
699 3051 754 3104 8.
798 3042 959 3124 apud
989 3044 1127 3104 Nic.
1163 3044 1541 3126 Brylingium‚
1591 3062 1727 3103 cum
1754 3039 2037 3102 Glareaui
2077 3036 2471 3099 annotationi-

337 3134 444 3195 bus
472 3147 538 3198 et
568 3140 1037 3216 expositionibus
1064 3141 1347 3201 Jucuudi.
2010 3183 2013 3188 -

271 3232 415 3294 1564
457 3237 741 3297 venetiis.
788 3245 845 3298 8.
906 3239 978 3298 C.
1008 3237 1147 3297 Julii
1192 3237 1439 3298 Caesaris
1468 3235 1906 3306 commentarii,
1953 3254 2093 3295 cum
2134 3235 2234 3295 Jo.
2276 3232 2467 3294 Mieh.

335 3331 497 3392 Bruti
549 3334 823 3394 Scholiis.
887 3336 1169 3408 venetiis,
1213 3336 1377 3414 apud
1411 3335 1771 3395 Muuntium.
1856 3333 2131 3413 Repetitu
2150 3343 2251 3391 'an-
2287 3329 2465 3393 1566.

339 3428 439 3488 ubi
468 3430 595 3489 vid.

265 3526 413 3586 1566
455 3528 725 3588 Basileoe.
772 3537 830 3589 8.
872 3550 1008 3591 cum
1036 3530 1189 3590 notis
1220 3532 1404 3590 Henr.
1430 3530 1733 3590 Glareaui.

264 3655 334 3666 —-
372 3625 657 3686 Venetiis.
692 3636 747 3688 8.
791 3629 863 3688 C.
894 3628 1032 3689 Julii
1061 3628 1309 3689 Caesaris
1339 3625 1910 3687 Commentariorum
1939 3623 2012 3682 de
2042 3621 2199 3682 bello
2227 3620 2468 3680 Gallico

331 3721 458 3781 libri
491 3739 627 3783 ux.
679 3725 751 3782 B.
779 3725 854 3783 C.
875 3724 1011 3784 libri
1041 3741 1152 3784 111.
1218 3726 1388 3784 Alex.
1424 3741 1471 3784 1.
1500 3729 1618 3783 dcc.
1684 3721 1918 3791 Gallim,
1970 3717 2274 3797 Hispanioe
2301 3718 2466 3777 loco-

335 3839 586 3900 rumque
634 3822 943 3902 insignium
992 3824 1249 3902 pictura.
1332 3822 1586 3882 Nomina
1626 3832 1751 3882 tum
1792 3828 1993 3878 vetera
2034 3827 2161 3876 tum
2208 3815 2468 3876 recentia

334 3919 672 3996 explanata.
758 3923 854 3981 Jo.
917 3922 1226 3982 Michaelis
1273 3920 1446 3981 Bruti
1495 3919 1748 3989 Scholia,
1806 3915 2023 3994 quibus
2070 3912 2187 3974 loci
2231 3912 2467 3991 plurimi

336 4014 707 4076 obscuriores
738 4019 1128 4096 explicantur.
1171 4019 1514 4096 corrigente
1545 4015 1701 4075 Aldo
1731 4011 2004 4074 Manutio
2029 4009 2197 4070 Pauli
2227 4010 2294 4069 F.
2353 4011 2472 4070 Ve-

335 4113 500 4172 netiis
544 4112 716 4175 1566.
748 4115 808 4173 in
836 4114 1062 4176 aedibus
1092 4113 1861 4176 Manutianis.—-Praemissa
1889 4119 1976 4171 est
2002 4106 2169 4168 Pauli
2209 4107 2467 4168 Munatii

331 4209 616 4291 epistola:
661 4210 876 4272 deiude
903 4212 1093 4283 Bruti,
1144 4229 1261 4291 qua
1289 4231 1351 4271 se
1397 4209 1590 4290 ipsum
1629 4228 1796 4270 nosse
1822 4207 1991 4277 dicit,
2036 4211 2403 4284 quantopere
2429 4223 2466 4264 a

263 4303 278 4322 ⁴
332 4325 392 4366 se
417 4308 786 4369 elaboratum
834 4310 913 4371 sit
959 4309 1018 4370 iu
1067 4308 1442 4371 emendando
1485 4311 1743 4369 Caesiire.
1826 4307 2169 4386 Sequuntur
2209 4302 2460 4382 pictum
