<?xml version="1.0" encoding="UTF-8"?>
<!DOCTYPE html PUBLIC "-//W3C//DTD XHTML 1.0 Transitional//EN"
    "http://www.w3.org/TR/xhtml1/DTD/xhtml1-transitional.dtd">
<html xmlns="http://www.w3.org/1999/xhtml" xml:lang="en" lang="en">
 <head>
  <title>
</title>
<meta http-equiv="Content-Type" content="text/html;charset=utf-8" />
  <meta name='ocr-system' content='tesseract 3.04.00' />
  <meta name='ocr-capabilities' content='ocr_page ocr_carea ocr_par ocr_line ocrx_word'/>
</head>
<body>
  <div class='ocr_page' id='page_1' title='image "./cjuliicaesariso00caesgoog_0193.png"; bbox 0 0 3117 5025; ppageno 0'>
   <div class='ocr_carea' id='block_1_1' title="bbox 872 393 2486 477">
    <p class='ocr_par' dir='ltr' id='par_1_1' title="bbox 872 393 2486 477">
     <span class='ocr_line' id='line_1_1' title="bbox 872 393 2486 477; baseline 0.004 -7"><span class='ocrx_word' id='word_1_1' title='bbox 872 415 971 470; x_wconf 73' lang='lat' dir='ltr'>nn</span> <span class='ocrx_word' id='word_1_2' title='bbox 998 415 1195 472; x_wconf 65' lang='lat' dir='ltr'>-vvrs</span> <span class='ocrx_word' id='word_1_3' title='bbox 1240 415 1447 471; x_wconf 73' lang='lat' dir='ltr'>sumi</span> <span class='ocrx_word' id='word_1_4' title='bbox 1494 419 1851 473; x_wconf 62' lang='lat' dir='ltr'>omanis.</span> <span class='ocrx_word' id='word_1_5' title='bbox 2059 393 2066 400; x_wconf 80' lang='grc'><strong>’</strong></span> <span class='ocrx_word' id='word_1_6' title='bbox 2303 405 2486 477; x_wconf 73' lang='grc'><strong>1866</strong></span> 
     </span>
    </p>
   </div>
   <div class='ocr_carea' id='block_1_2' title="bbox 290 570 2510 4164">
    <p class='ocr_par' dir='ltr' id='par_1_2' title="bbox 293 570 2490 1152">
     <span class='ocr_line' id='line_1_2' title="bbox 299 570 2486 653; baseline 0.005 -24"><span class='ocrx_word' id='word_1_7' title='bbox 299 570 654 649; x_wconf 76' lang='lat' dir='ltr'>asportandos</span> <span class='ocrx_word' id='word_1_8' title='bbox 676 574 1069 653; x_wconf 72' lang='lat' dir='ltr'><strong>imponerent.</strong></span> <span class='ocrx_word' id='word_1_9' title='bbox 1142 573 1302 637; x_wconf 79' lang='lat' dir='ltr'>Dum</span> <span class='ocrx_word' id='word_1_10' title='bbox 1333 578 1462 637; x_wconf 72' lang='lat' dir='ltr'>baec</span> <span class='ocrx_word' id='word_1_11' title='bbox 1490 576 1551 635; x_wconf 90' lang='lat' dir='ltr'>in</span> <span class='ocrx_word' id='word_1_12' title='bbox 1582 577 1976 638; x_wconf 83' lang='lat' dir='ltr'>Romanorum</span> <span class='ocrx_word' id='word_1_13' title='bbox 1996 579 2349 640; x_wconf 73' lang='lat' dir='ltr'>exercitibus</span> <span class='ocrx_word' id='word_1_14' title='bbox 2375 575 2486 640; x_wconf 59' lang='lat' dir='ltr'>sse:</span> 
     </span>
     <span class='ocr_line' id='line_1_3' title="bbox 295 670 2481 758; baseline 0.005 -31"><span class='ocrx_word' id='word_1_15' title='bbox 295 677 425 737; x_wconf 76' lang='lat' dir='ltr'>rent,</span> <span class='ocrx_word' id='word_1_16' title='bbox 462 670 658 731; x_wconf 75' lang='lat' dir='ltr'>Getuli</span> <span class='ocrx_word' id='word_1_17' title='bbox 685 673 744 732; x_wconf 81' lang='lat' dir='ltr'>in</span> <span class='ocrx_word' id='word_1_18' title='bbox 777 691 937 733; x_wconf 76' lang='lat' dir='ltr'>suant</span> <span class='ocrx_word' id='word_1_19' title='bbox 966 673 1215 751; x_wconf 84' lang='lat' dir='ltr'>patriam</span> <span class='ocrx_word' id='word_1_20' title='bbox 1243 675 1400 734; x_wconf 85' lang='lat' dir='ltr'>missi</span> <span class='ocrx_word' id='word_1_21' title='bbox 1440 674 1596 735; x_wconf 83' lang='lat' dir='ltr'>fama</span> <span class='ocrx_word' id='word_1_22' title='bbox 1626 675 1874 736; x_wconf 77' lang='lat' dir='ltr'>Coesarls</span> <span class='ocrx_word' id='word_1_23' title='bbox 1904 686 2120 738; x_wconf 84' lang='lat' dir='ltr'>cuncta</span> <span class='ocrx_word' id='word_1_24' title='bbox 2147 677 2481 758; x_wconf 65' lang='lat' dir='ltr'>compleve-⁸</span> 
     </span>
     <span class='ocr_line' id='line_1_4' title="bbox 296 768 2490 853; baseline 0.005 -29"><span class='ocrx_word' id='word_1_25' title='bbox 296 774 428 834; x_wconf 68' lang='lat' dir='ltr'>runt,</span> <span class='ocrx_word' id='word_1_26' title='bbox 452 768 691 847; x_wconf 83' lang='lat' dir='ltr'>suisque</span> <span class='ocrx_word' id='word_1_27' title='bbox 718 779 1128 850; x_wconf 71' lang='lat' dir='ltr'>persuaserant</span> <span class='ocrx_word' id='word_1_28' title='bbox 1155 769 1454 842; x_wconf 81' lang='lat' dir='ltr'>rebellare,</span> <span class='ocrx_word' id='word_1_29' title='bbox 1508 789 1698 849; x_wconf 80' lang='lat' dir='ltr'>usque</span> <span class='ocrx_word' id='word_1_30' title='bbox 1723 771 1873 832; x_wconf 85' lang='lat' dir='ltr'>adeo</span> <span class='ocrx_word' id='word_1_31' title='bbox 1905 781 1970 832; x_wconf 88' lang='lat' dir='ltr'>ut</span> <span class='ocrx_word' id='word_1_32' title='bbox 2014 774 2185 833; x_wconf 86' lang='lat' dir='ltr'>armis</span> <span class='ocrx_word' id='word_1_33' title='bbox 2212 775 2490 853; x_wconf 67' lang='lat' dir='ltr'>arreptis;</span> 
     </span>
     <span class='ocr_line' id='line_1_5' title="bbox 293 868 2479 951; baseline 0.006 -32"><span class='ocrx_word' id='word_1_34' title='bbox 293 871 473 922; x_wconf 77' lang='lat' dir='ltr'>contra</span> <span class='ocrx_word' id='word_1_35' title='bbox 500 885 689 939; x_wconf 71' lang='lat' dir='ltr'>regem</span> <span class='ocrx_word' id='word_1_36' title='bbox 718 868 1021 928; x_wconf 77' lang='lat' dir='ltr'>absentem</span> <span class='ocrx_word' id='word_1_37' title='bbox 1052 887 1224 946; x_wconf 79' lang='lat' dir='ltr'>agere</span> <span class='ocrx_word' id='word_1_38' title='bbox 1254 881 1716 949; x_wconf 73' lang='lat' dir='ltr'>praesumerent:</span> <span class='ocrx_word' id='word_1_39' title='bbox 1740 871 1916 950; x_wconf 70' lang='lat'><strong>[234]</strong></span> <span class='ocrx_word' id='word_1_40' title='bbox 1937 869 2094 951; x_wconf 86' lang='lat' dir='ltr'>quod</span> <span class='ocrx_word' id='word_1_41' title='bbox 2121 872 2218 932; x_wconf 88' lang='lat' dir='ltr'>ille</span> <span class='ocrx_word' id='word_1_42' title='bbox 2238 872 2479 933; x_wconf 85' lang='lat' dir='ltr'>audiens</span> 
     </span>
     <span class='ocr_line' id='line_1_6' title="bbox 296 963 2484 1047; baseline 0.005 -27"><span class='ocrx_word' id='word_1_43' title='bbox 296 975 506 1021; x_wconf 71' lang='lat' dir='ltr'>necesse</span> <span class='ocrx_word' id='word_1_44' title='bbox 532 963 743 1024; x_wconf 84' lang='lat' dir='ltr'>babuit</span> <span class='ocrx_word' id='word_1_45' title='bbox 770 973 995 1043; x_wconf 75' lang='lat' dir='ltr'>partem</span> <span class='ocrx_word' id='word_1_46' title='bbox 1024 985 1262 1026; x_wconf 86' lang='lat' dir='ltr'>suornm</span> <span class='ocrx_word' id='word_1_47' title='bbox 1288 967 1659 1037; x_wconf 80' lang='lat' dir='ltr'>auxiliorum,</span> <span class='ocrx_word' id='word_1_48' title='bbox 1707 983 1885 1047; x_wconf 86' lang='lat' dir='ltr'>quam</span> <span class='ocrx_word' id='word_1_49' title='bbox 1912 968 1971 1027; x_wconf 89' lang='lat' dir='ltr'>in</span> <span class='ocrx_word' id='word_1_50' title='bbox 2001 970 2293 1029; x_wconf 63' lang='lat' dir='ltr'>Caesarem</span> <span class='ocrx_word' id='word_1_51' title='bbox 2323 981 2484 1030; x_wconf 48' lang='lat' dir='ltr'>com*</span> 
     </span>
     <span class='ocr_line' id='line_1_7' title="bbox 294 1061 1635 1152; baseline 0.005 -34"><span class='ocrx_word' id='word_1_52' title='bbox 294 1070 592 1132; x_wconf 73' lang='lat' dir='ltr'>paraverat,</span> <span class='ocrx_word' id='word_1_53' title='bbox 622 1081 731 1140; x_wconf 85' lang='lat' dir='ltr'>pro</span> <span class='ocrx_word' id='word_1_54' title='bbox 758 1062 921 1141; x_wconf 74' lang='lat' dir='ltr'>regni</span> <span class='ocrx_word' id='word_1_55' title='bbox 949 1061 1291 1152; x_wconf 74' lang='lat' dir='ltr'>defensione</span> <span class='ocrx_word' id='word_1_56' title='bbox 1320 1065 1635 1126; x_wconf 74' lang='lat' dir='ltr'><strong>remittere.</strong></span> 
     </span>
    </p>

    <p class='ocr_par' dir='ltr' id='par_1_3' title="bbox 290 1154 2510 4164">
     <span class='ocr_line' id='line_1_8' title="bbox 362 1154 2490 1244; baseline 0.005 -29"><span class='ocrx_word' id='word_1_57' title='bbox 362 1154 685 1220; x_wconf 79' lang='lat' dir='ltr'>Obsidebat</span> <span class='ocrx_word' id='word_1_58' title='bbox 712 1161 917 1220; x_wconf 80' lang='lat' dir='ltr'>Caesar</span> <span class='ocrx_word' id='word_1_59' title='bbox 955 1160 1179 1224; x_wconf 85' lang='lat' dir='ltr'>interea</span> <span class='ocrx_word' id='word_1_60' title='bbox 1219 1161 1357 1222; x_wconf 75' lang='lat' dir='ltr'>”Ut</span> <span class='ocrx_word' id='word_1_61' title='bbox 1385 1163 1589 1223; x_wconf 72' lang='lat' dir='ltr'>zittani</span> <span class='ocrx_word' id='word_1_62' title='bbox 1628 1162 1855 1222; x_wconf 79' lang='lat' dir='ltr'>Affrico</span> <span class='ocrx_word' id='word_1_63' title='bbox 1893 1161 2119 1234; x_wconf 89' lang='lat' dir='ltr'>urbem,</span> <span class='ocrx_word' id='word_1_64' title='bbox 2156 1181 2292 1241; x_wconf 72' lang='lat' dir='ltr'>qnae</span> <span class='ocrx_word' id='word_1_65' title='bbox 2319 1166 2490 1244; x_wconf 84' lang='lat' dir='ltr'>regio‘</span> 
     </span>
     <span class='ocr_line' id='line_1_9' title="bbox 294 1251 2485 1339; baseline 0.004 -27"><span class='ocrx_word' id='word_1_66' title='bbox 294 1251 552 1315; x_wconf 79' lang='lat' dir='ltr'>Getulico</span> <span class='ocrx_word' id='word_1_67' title='bbox 598 1255 874 1336; x_wconf 68' lang='lat' dir='ltr'>praesidio</span> <span class='ocrx_word' id='word_1_68' title='bbox 902 1258 1247 1318; x_wconf 77' lang='lat' dir='ltr'>tenebatur:</span> <span class='ocrx_word' id='word_1_69' title='bbox 1298 1267 1359 1319; x_wconf 88' lang='lat' dir='ltr'>et</span> <span class='ocrx_word' id='word_1_70' title='bbox 1388 1269 1670 1338; x_wconf 88' lang='lat' dir='ltr'>qnantum</span> <span class='ocrx_word' id='word_1_71' title='bbox 1703 1258 1945 1338; x_wconf 77' lang='lat' dir='ltr'>intelligi</span> <span class='ocrx_word' id='word_1_72' title='bbox 1974 1257 2485 1339; x_wconf 81' lang='lat' dir='ltr'>datur,·Sciplonis</span> 
     </span>
     <span class='ocr_line' id='line_1_10' title="bbox 293 1352 2486 1437; baseline 0.005 -29"><span class='ocrx_word' id='word_1_73' title='bbox 293 1365 356 1409; x_wconf 83' lang='lat' dir='ltr'>ac</span> <span class='ocrx_word' id='word_1_74' title='bbox 381 1352 539 1430; x_wconf 80' lang='lat' dir='ltr'>regiis</span> <span class='ocrx_word' id='word_1_75' title='bbox 565 1353 769 1415; x_wconf 83' lang='lat' dir='ltr'>castris</span> <span class='ocrx_word' id='word_1_76' title='bbox 788 1355 1002 1431; x_wconf 84' lang='lat' dir='ltr'>juncta</span> <span class='ocrx_word' id='word_1_77' title='bbox 1033 1366 1191 1427; x_wconf 63' lang='lat' dir='ltr'>eran</span> <span class='ocrx_word' id='word_1_78' title='bbox 1237 1371 1483 1437; x_wconf 86' lang='lat' dir='ltr'>eamque</span> <span class='ocrx_word' id='word_1_79' title='bbox 1529 1366 1592 1417; x_wconf 88' lang='lat' dir='ltr'>et</span> <span class='ocrx_word' id='word_1_80' title='bbox 1632 1355 1943 1436; x_wconf 78' lang='lat' dir='ltr'>aggeribus</span> <span class='ocrx_word' id='word_1_81' title='bbox 1987 1367 2048 1415; x_wconf 86' lang='lat' dir='ltr'>et</span> <span class='ocrx_word' id='word_1_82' title='bbox 2093 1355 2376 1417; x_wconf 86' lang='lat' dir='ltr'>machinis</span> <span class='ocrx_word' id='word_1_83' title='bbox 2424 1368 2486 1419; x_wconf 86' lang='lat' dir='ltr'>et</span> 
     </span>
     <span class='ocr_line' id='line_1_11' title="bbox 292 1444 2482 1534; baseline 0.005 -28"><span class='ocrx_word' id='word_1_84' title='bbox 292 1444 493 1509; x_wconf 74' lang='lat' dir='ltr'>balistis</span> <span class='ocrx_word' id='word_1_85' title='bbox 527 1451 901 1513; x_wconf 75' lang='lat' dir='ltr'>astrinxerat:</span> <span class='ocrx_word' id='word_1_86' title='bbox 946 1453 1003 1512; x_wconf 93' lang='lat' dir='ltr'>in</span> <span class='ocrx_word' id='word_1_87' title='bbox 1046 1473 1117 1514; x_wconf 85' lang='lat' dir='ltr'>ea</span> <span class='ocrx_word' id='word_1_88' title='bbox 1152 1453 1461 1515; x_wconf 76' lang='lat' dir='ltr'>obsidione</span> <span class='ocrx_word' id='word_1_89' title='bbox 1492 1463 1798 1534; x_wconf 81' lang='lat' dir='ltr'>coeperant</span> <span class='ocrx_word' id='word_1_90' title='bbox 1824 1453 2126 1515; x_wconf 68' lang='lat' dir='ltr'>intrinseci</span> <span class='ocrx_word' id='word_1_91' title='bbox 2157 1461 2221 1514; x_wconf 89' lang='lat' dir='ltr'>ut</span> <span class='ocrx_word' id='word_1_92' title='bbox 2248 1453 2317 1514; x_wconf 84' lang='lat' dir='ltr'>tit</span> <span class='ocrx_word' id='word_1_93' title='bbox 2344 1473 2482 1516; x_wconf 90' lang='lat' dir='ltr'>cum</span> 
     </span>
     <span class='ocr_line' id='line_1_12' title="bbox 291 1546 2486 1632; baseline 0.004 -27"><span class='ocrx_word' id='word_1_94' title='bbox 291 1546 605 1608; x_wconf 69' lang='lat' dir='ltr'>extrinsecis</span> <span class='ocrx_word' id='word_1_95' title='bbox 658 1550 940 1631; x_wconf 79' lang='lat' dir='ltr'>colloqui,</span> <span class='ocrx_word' id='word_1_96' title='bbox 984 1549 1165 1631; x_wconf 86' lang='lat' dir='ltr'>idque</span> <span class='ocrx_word' id='word_1_97' title='bbox 1212 1552 1433 1612; x_wconf 82' lang='lat' dir='ltr'>Caesari</span> <span class='ocrx_word' id='word_1_98' title='bbox 1483 1571 1601 1612; x_wconf 92' lang='lat' dir='ltr'>non</span> <span class='ocrx_word' id='word_1_99' title='bbox 1652 1553 1959 1613; x_wconf 87' lang='lat' dir='ltr'>molestum</span> <span class='ocrx_word' id='word_1_100' title='bbox 2008 1563 2153 1625; x_wconf 85' lang='lat' dir='ltr'>erat,</span> <span class='ocrx_word' id='word_1_101' title='bbox 2199 1549 2486 1632; x_wconf 75' lang='lat' dir='ltr'>cogitanti</span> 
     </span>
     <span class='ocr_line' id='line_1_13' title="bbox 292 1642 2496 1731; baseline 0.003 -28"><span class='ocrx_word' id='word_1_102' title='bbox 292 1642 419 1719; x_wconf 81' lang='lat' dir='ltr'>qnid</span> <span class='ocrx_word' id='word_1_103' title='bbox 448 1645 580 1704; x_wconf 87' lang='lat' dir='ltr'>boni</span> <span class='ocrx_word' id='word_1_104' title='bbox 610 1646 665 1706; x_wconf 88' lang='lat' dir='ltr'>ei</span> <span class='ocrx_word' id='word_1_105' title='bbox 706 1645 1004 1727; x_wconf 87' lang='lat' dir='ltr'>colloquio</span> <span class='ocrx_word' id='word_1_106' title='bbox 1042 1647 1232 1709; x_wconf 83' lang='lat' dir='ltr'>inesse</span> <span class='ocrx_word' id='word_1_107' title='bbox 1261 1659 1490 1729; x_wconf 84' lang='lat' dir='ltr'>posset:</span> <span class='ocrx_word' id='word_1_108' title='bbox 1542 1665 1754 1730; x_wconf 80' lang='lat' dir='ltr'>nempe</span> <span class='ocrx_word' id='word_1_109' title='bbox 1800 1649 1945 1731; x_wconf 83' lang='lat' dir='ltr'>regii</span> <span class='ocrx_word' id='word_1_110' title='bbox 1988 1648 2281 1728; x_wconf 72' lang='lat' dir='ltr'>equitatus</span> <span class='ocrx_word' id='word_1_111' title='bbox 2318 1649 2496 1710; x_wconf 87' lang='lat' dir='ltr'>uobi··</span> 
     </span>
     <span class='ocr_line' id='line_1_14' title="bbox 291 1737 2490 1824; baseline 0.005 -28"><span class='ocrx_word' id='word_1_112' title='bbox 291 1737 446 1800; x_wconf 82' lang='lat' dir='ltr'>liores</span> <span class='ocrx_word' id='word_1_113' title='bbox 485 1741 591 1803; x_wconf 86' lang='lat' dir='ltr'>filii</span> <span class='ocrx_word' id='word_1_114' title='bbox 632 1763 858 1815; x_wconf 87' lang='lat' dir='ltr'>eornm,</span> <span class='ocrx_word' id='word_1_115' title='bbox 890 1745 993 1824; x_wconf 90' lang='lat' dir='ltr'>qui</span> <span class='ocrx_word' id='word_1_116' title='bbox 1026 1746 1318 1807; x_wconf 79' lang='lat' dir='ltr'>veteribus</span> <span class='ocrx_word' id='word_1_117' title='bbox 1350 1745 1526 1808; x_wconf 82' lang='lat' dir='ltr'>Marii</span> <span class='ocrx_word' id='word_1_118' title='bbox 1575 1746 1880 1808; x_wconf 83' lang='lat' dir='ltr'>beneficiis</span> <span class='ocrx_word' id='word_1_119' title='bbox 1923 1746 2194 1809; x_wconf 75' lang='lat' dir='ltr'>obstricti</span> <span class='ocrx_word' id='word_1_120' title='bbox 2239 1743 2490 1819; x_wconf 76' lang='lat' dir='ltr'>fuerant,</span> 
     </span>
     <span class='ocr_line' id='line_1_15' title="bbox 290 1843 2496 1925; baseline 0.005 -29"><span class='ocrx_word' id='word_1_121' title='bbox 290 1851 458 1915; x_wconf 82' lang='lat' dir='ltr'>eoque</span> <span class='ocrx_word' id='word_1_122' title='bbox 484 1850 541 1901; x_wconf 90' lang='lat' dir='ltr'>et</span> <span class='ocrx_word' id='word_1_123' title='bbox 570 1859 788 1902; x_wconf 87' lang='lat' dir='ltr'>nomen</span> <span class='ocrx_word' id='word_1_124' title='bbox 817 1850 879 1903; x_wconf 87' lang='lat' dir='ltr'>et</span> <span class='ocrx_word' id='word_1_125' title='bbox 914 1843 1251 1905; x_wconf 79' lang='lat' dir='ltr'>memoriam</span> <span class='ocrx_word' id='word_1_126' title='bbox 1284 1845 1388 1905; x_wconf 79' lang='lat' dir='ltr'>viri</span> <span class='ocrx_word' id='word_1_127' title='bbox 1415 1844 1572 1905; x_wconf 83' lang='lat' dir='ltr'>illius</span> <span class='ocrx_word' id='word_1_128' title='bbox 1598 1854 1880 1916; x_wconf 85' lang='lat' dir='ltr'>amantes,</span> <span class='ocrx_word' id='word_1_129' title='bbox 1911 1855 2095 1906; x_wconf 87' lang='lat' dir='ltr'>noctu</span> <span class='ocrx_word' id='word_1_130' title='bbox 2121 1845 2311 1925; x_wconf 84' lang='lat' dir='ltr'>prima</span> <span class='ocrx_word' id='word_1_131' title='bbox 2337 1848 2496 1906; x_wconf 71' lang='lat' dir='ltr'>tace,</span> 
     </span>
     <span class='ocr_line' id='line_1_16' title="bbox 290 1933 2481 2020; baseline 0.004 -27"><span class='ocrx_word' id='word_1_132' title='bbox 290 1933 447 2008; x_wconf 81' lang='lat' dir='ltr'>mille,</span> <span class='ocrx_word' id='word_1_133' title='bbox 475 1938 564 1998; x_wconf 83' lang='lat' dir='ltr'>vel</span> <span class='ocrx_word' id='word_1_134' title='bbox 602 1938 839 1999; x_wconf 81' lang='lat' dir='ltr'>circiter</span> <span class='ocrx_word' id='word_1_135' title='bbox 869 1958 1003 2000; x_wconf 86' lang='lat' dir='ltr'>cum</span> <span class='ocrx_word' id='word_1_136' title='bbox 1032 1939 1200 2020; x_wconf 88' lang='lat' dir='ltr'>equis</span> <span class='ocrx_word' id='word_1_137' title='bbox 1230 1951 1290 2002; x_wconf 86' lang='lat' dir='ltr'>et</span> <span class='ocrx_word' id='word_1_138' title='bbox 1319 1942 1498 2002; x_wconf 77' lang='lat' dir='ltr'>servis</span> <span class='ocrx_word' id='word_1_139' title='bbox 1544 1942 1606 2001; x_wconf 90' lang='lat' dir='ltr'>in</span> <span class='ocrx_word' id='word_1_140' title='bbox 1657 1941 1904 2003; x_wconf 76' lang='lat' dir='ltr'>Caesaris</span> <span class='ocrx_word' id='word_1_141' title='bbox 1952 1953 2146 2003; x_wconf 80' lang='lat' dir='ltr'>castra</span> <span class='ocrx_word' id='word_1_142' title='bbox 2187 1943 2481 2002; x_wconf 85' lang='lat' dir='ltr'>moenibus</span> 
     </span>
     <span class='ocr_line' id='line_1_17' title="bbox 292 2029 2489 2118; baseline 0.005 -31"><span class='ocrx_word' id='word_1_143' title='bbox 292 2029 463 2093; x_wconf 77' lang='lat' dir='ltr'>vicina</span> <span class='ocrx_word' id='word_1_144' title='bbox 489 2035 892 2115; x_wconf 77' lang='lat' dir='ltr'>transfugere:</span> <span class='ocrx_word' id='word_1_145' title='bbox 936 2057 1059 2115; x_wconf 89' lang='lat' dir='ltr'>quo</span> <span class='ocrx_word' id='word_1_146' title='bbox 1098 2047 1217 2098; x_wconf 85' lang='lat' dir='ltr'>tam</span> <span class='ocrx_word' id='word_1_147' title='bbox 1262 2038 1468 2118; x_wconf 80' lang='lat' dir='ltr'>insigni</span> <span class='ocrx_word' id='word_1_148' title='bbox 1510 2039 1757 2099; x_wconf 83' lang='lat' dir='ltr'>transitu</span> <span class='ocrx_word' id='word_1_149' title='bbox 1786 2057 1894 2099; x_wconf 84' lang='lat' dir='ltr'>nec</span> <span class='ocrx_word' id='word_1_150' title='bbox 1926 2039 2216 2099; x_wconf 85' lang='lat' dir='ltr'>immerito</span> <span class='ocrx_word' id='word_1_151' title='bbox 2259 2048 2489 2116; x_wconf 82' lang='lat' dir='ltr'>pertur-</span> 
     </span>
     <span class='ocr_line' id='line_1_18' title="bbox 292 2123 2486 2216; baseline 0.005 -31"><span class='ocrx_word' id='word_1_152' title='bbox 292 2123 448 2189; x_wconf 74' lang='lat' dir='ltr'>batus</span> <span class='ocrx_word' id='word_1_153' title='bbox 486 2131 692 2212; x_wconf 82' lang='lat' dir='ltr'>Scipio</span> <span class='ocrx_word' id='word_1_154' title='bbox 721 2142 783 2193; x_wconf 86' lang='lat' dir='ltr'>et</span> <span class='ocrx_word' id='word_1_155' title='bbox 810 2133 915 2212; x_wconf 91' lang='lat' dir='ltr'>qui</span> <span class='ocrx_word' id='word_1_156' title='bbox 959 2153 1159 2195; x_wconf 89' lang='lat' dir='ltr'>secum</span> <span class='ocrx_word' id='word_1_157' title='bbox 1188 2144 1372 2209; x_wconf 88' lang='lat' dir='ltr'>eraut,</span> <span class='ocrx_word' id='word_1_158' title='bbox 1412 2146 1711 2216; x_wconf 86' lang='lat' dir='ltr'>coeperant</span> <span class='ocrx_word' id='word_1_159' title='bbox 1754 2135 2070 2197; x_wconf 85' lang='lat' dir='ltr'>observare</span> <span class='ocrx_word' id='word_1_160' title='bbox 2100 2156 2171 2196; x_wconf 90' lang='lat' dir='ltr'>ne</span> <span class='ocrx_word' id='word_1_161' title='bbox 2199 2135 2258 2196; x_wconf 91' lang='lat' dir='ltr'>id</span> <span class='ocrx_word' id='word_1_162' title='bbox 2291 2135 2486 2196; x_wconf 87' lang='lat' dir='ltr'>tieret:</span> 
     </span>
     <span class='ocr_line' id='line_1_19' title="bbox 294 2222 2495 2314; baseline 0.003 -29"><span class='ocrx_word' id='word_1_163' title='bbox 294 2222 487 2287; x_wconf 80' lang='lat' dir='ltr'>”Dum</span> <span class='ocrx_word' id='word_1_164' title='bbox 514 2228 743 2291; x_wconf 84' lang='lat' dir='ltr'>interea</span> <span class='ocrx_word' id='word_1_165' title='bbox 784 2231 871 2293; x_wconf 82' lang='lat' dir='ltr'>M.</span> <span class='ocrx_word' id='word_1_166' title='bbox 903 2231 1221 2310; x_wconf 80' lang='lat' dir='ltr'>Aquinium</span> <span class='ocrx_word' id='word_1_167' title='bbox 1252 2251 1392 2293; x_wconf 87' lang='lat' dir='ltr'>cum</span> <span class='ocrx_word' id='word_1_168' title='bbox 1420 2234 1492 2296; x_wconf 88' lang='lat' dir='ltr'>C.</span> <span class='ocrx_word' id='word_1_169' title='bbox 1522 2235 1768 2295; x_wconf 83' lang='lat' dir='ltr'>Saserna</span> <span class='ocrx_word' id='word_1_170' title='bbox 1807 2235 2243 2314; x_wconf 83' lang='lat' dir='ltr'>colloquentem</span> <span class='ocrx_word' id='word_1_171' title='bbox 2288 2232 2495 2292; x_wconf 85' lang='lat' dir='ltr'>adver·</span> 
     </span>
     <span class='ocr_line' id='line_1_20' title="bbox 294 2328 2491 2412; baseline 0.005 -33"><span class='ocrx_word' id='word_1_172' title='bbox 294 2329 501 2386; x_wconf 84' lang='lat' dir='ltr'>terunt:</span> <span class='ocrx_word' id='word_1_173' title='bbox 550 2328 832 2407; x_wconf 77' lang='lat' dir='ltr'>misitque</span> <span class='ocrx_word' id='word_1_174' title='bbox 879 2329 956 2389; x_wconf 83' lang='lat' dir='ltr'>ad</span> <span class='ocrx_word' id='word_1_175' title='bbox 1004 2347 1139 2390; x_wconf 86' lang='lat' dir='ltr'>enm</span> <span class='ocrx_word' id='word_1_176' title='bbox 1180 2331 1405 2412; x_wconf 81' lang='lat' dir='ltr'>Scipio,</span> <span class='ocrx_word' id='word_1_177' title='bbox 1455 2351 1574 2391; x_wconf 91' lang='lat' dir='ltr'>non</span> <span class='ocrx_word' id='word_1_178' title='bbox 1616 2332 1893 2412; x_wconf 66' lang='lat' dir='ltr'>expedire</span> <span class='ocrx_word' id='word_1_179' title='bbox 1922 2353 1994 2393; x_wconf 89' lang='lat' dir='ltr'>eo</span> <span class='ocrx_word' id='word_1_180' title='bbox 2036 2342 2302 2411; x_wconf 86' lang='lat' dir='ltr'>tempore</span> <span class='ocrx_word' id='word_1_181' title='bbox 2353 2349 2491 2390; x_wconf 88' lang='lat' dir='ltr'>cum</span> 
     </span>
     <span class='ocr_line' id='line_1_21' title="bbox 294 2416 2497 2509; baseline 0.002 -27"><span class='ocrx_word' id='word_1_182' title='bbox 294 2416 540 2484; x_wconf 74' lang='lat' dir='ltr'>hostibus</span> <span class='ocrx_word' id='word_1_183' title='bbox 582 2424 885 2506; x_wconf 75' lang='lat' dir='ltr'>colloqui:</span> <span class='ocrx_word' id='word_1_184' title='bbox 929 2427 1023 2488; x_wconf 88' lang='lat' dir='ltr'>ille</span> <span class='ocrx_word' id='word_1_185' title='bbox 1050 2428 1322 2490; x_wconf 83' lang='lat' dir='ltr'>nuntium</span> <span class='ocrx_word' id='word_1_186' title='bbox 1376 2428 1541 2509; x_wconf 75' lang='lat' dir='ltr'>parvi</span> <span class='ocrx_word' id='word_1_187' title='bbox 1587 2429 1869 2509; x_wconf 87' lang='lat' dir='ltr'>pendens,</span> <span class='ocrx_word' id='word_1_188' title='bbox 1931 2428 2362 2491; x_wconf 83' lang='lat' dir='ltr'>contumaciter</span> <span class='ocrx_word' id='word_1_189' title='bbox 2410 2447 2497 2487; x_wconf 88' lang='lat' dir='ltr'>re-</span> 
     </span>
     <span class='ocr_line' id='line_1_22' title="bbox 291 2509 2499 2609; baseline 0.004 -34"><span class='ocrx_word' id='word_1_190' title='bbox 291 2522 539 2596; x_wconf 85' lang='lat' dir='ltr'>spondit:</span> <span class='ocrx_word' id='word_1_191' title='bbox 575 2532 593 2559; x_wconf 86' lang='lat'>‘</span> <span class='ocrx_word' id='word_1_192' title='bbox 626 2525 703 2585; x_wconf 79' lang='lat' dir='ltr'>Et</span> <span class='ocrx_word' id='word_1_193' title='bbox 744 2525 957 2597; x_wconf 70' lang='lat' dir='ltr'>stabo:</span> <span class='ocrx_word' id='word_1_194' title='bbox 985 2526 1192 2606; x_wconf 88' lang='lat' dir='ltr'>inquit,</span> <span class='ocrx_word' id='word_1_195' title='bbox 1232 2528 1472 2589; x_wconf 80' lang='lat' dir='ltr'>‘adhuc</span> <span class='ocrx_word' id='word_1_196' title='bbox 1500 2526 1696 2589; x_wconf 82' lang='lat' dir='ltr'>donec</span> <span class='ocrx_word' id='word_1_197' title='bbox 1738 2529 2008 2609; x_wconf 82' lang='lat' dir='ltr'>expleam</span> <span class='ocrx_word' id='word_1_198' title='bbox 2052 2524 2216 2608; x_wconf 86' lang='lat' dir='ltr'>quod</span> <span class='ocrx_word' id='word_1_199' title='bbox 2259 2509 2499 2606; x_wconf 83' lang='lat' dir='ltr'>incepi.’</span> 
     </span>
     <span class='ocr_line' id='line_1_23' title="bbox 291 2614 2498 2703; baseline 0.001 -27"><span class='ocrx_word' id='word_1_200' title='bbox 291 2614 431 2678; x_wconf 86' lang='lat' dir='ltr'>Tum</span> <span class='ocrx_word' id='word_1_201' title='bbox 457 2638 557 2681; x_wconf 83' lang='lat' dir='ltr'>rex</span> <span class='ocrx_word' id='word_1_202' title='bbox 605 2630 825 2695; x_wconf 75' lang='lat' dir='ltr'>motus,</span> <span class='ocrx_word' id='word_1_203' title='bbox 856 2623 1139 2684; x_wconf 81' lang='lat' dir='ltr'>viatorem</span> <span class='ocrx_word' id='word_1_204' title='bbox 1170 2644 1337 2684; x_wconf 89' lang='lat' dir='ltr'>sunm</span> <span class='ocrx_word' id='word_1_205' title='bbox 1368 2624 1544 2696; x_wconf 83' lang='lat' dir='ltr'>misit,</span> <span class='ocrx_word' id='word_1_206' title='bbox 1577 2625 1682 2703; x_wconf 89' lang='lat' dir='ltr'>qui</span> <span class='ocrx_word' id='word_1_207' title='bbox 1724 2624 2003 2686; x_wconf 80' lang='lat' dir='ltr'>audiente</span> <span class='ocrx_word' id='word_1_208' title='bbox 2054 2623 2416 2683; x_wconf 87' lang='lat' dir='ltr'>collocutore</span> <span class='ocrx_word' id='word_1_209' title='bbox 2443 2620 2498 2681; x_wconf 89' lang='lat' dir='ltr'>ei</span> 
     </span>
     <span class='ocr_line' id='line_1_24' title="bbox 291 2710 2497 2801; baseline 0 -24"><span class='ocrx_word' id='word_1_210' title='bbox 291 2710 528 2778; x_wconf 79' lang='lat' dir='ltr'>diceret:</span> <span class='ocrx_word' id='word_1_211' title='bbox 575 2726 594 2754; x_wconf 87' lang='lat'><em>‘</em></span> <span class='ocrx_word' id='word_1_212' title='bbox 626 2720 756 2781; x_wconf 75' lang='lat' dir='ltr'>Rex</span> <span class='ocrx_word' id='word_1_213' title='bbox 797 2720 1159 2800; x_wconf 87' lang='lat' dir='ltr'>colloquium</span> <span class='ocrx_word' id='word_1_214' title='bbox 1188 2723 1344 2783; x_wconf 82' lang='lat' dir='ltr'>istud</span> <span class='ocrx_word' id='word_1_215' title='bbox 1370 2724 1616 2784; x_wconf 86' lang='lat' dir='ltr'>damnat</span> <span class='ocrx_word' id='word_1_216' title='bbox 1658 2742 1728 2783; x_wconf 86' lang='lat' dir='ltr'>ac</span> <span class='ocrx_word' id='word_1_217' title='bbox 1770 2722 2100 2801; x_wconf 74' lang='lat' dir='ltr'>proliibetz&#39;</span> <span class='ocrx_word' id='word_1_218' title='bbox 2129 2723 2242 2782; x_wconf 88' lang='lat' dir='ltr'>boc</span> <span class='ocrx_word' id='word_1_219' title='bbox 2290 2720 2497 2780; x_wconf 88' lang='lat' dir='ltr'>audito</span> 
     </span>
     <span class='ocr_line' id='line_1_25' title="bbox 292 2813 2498 2898; baseline 0.002 -25"><span class='ocrx_word' id='word_1_220' title='bbox 292 2813 465 2885; x_wconf 66' lang='lat' dir='ltr'>putuit</span> <span class='ocrx_word' id='word_1_221' title='bbox 487 2826 673 2895; x_wconf 75' lang='lat' dir='ltr'>atque</span> <span class='ocrx_word' id='word_1_222' title='bbox 692 2815 993 2879; x_wconf 72' lang='lat' dir='ltr'>abscessit.</span> <span class='ocrx_word' id='word_1_223' title='bbox 1078 2819 1336 2880; x_wconf 83' lang='lat' dir='ltr'>Miratur</span> <span class='ocrx_word' id='word_1_224' title='bbox 1356 2819 1535 2898; x_wconf 86' lang='lat' dir='ltr'>hujus</span> <span class='ocrx_word' id='word_1_225' title='bbox 1565 2819 1823 2898; x_wconf 85' lang='lat' dir='ltr'>scriptor</span> <span class='ocrx_word' id='word_1_226' title='bbox 1852 2814 2131 2889; x_wconf 68' lang='lat' dir='ltr'>historiae,</span> <span class='ocrx_word' id='word_1_227' title='bbox 2165 2817 2324 2877; x_wconf 89' lang='lat' dir='ltr'>unde</span> <span class='ocrx_word' id='word_1_228' title='bbox 2369 2818 2498 2877; x_wconf 83' lang='lat' dir='ltr'>haec</span> 
     </span>
     <span class='ocr_line' id='line_1_26' title="bbox 293 2906 2502 2995; baseline 0.003 -28"><span class='ocrx_word' id='word_1_229' title='bbox 293 2906 396 2968; x_wconf 74' lang='lat' dir='ltr'>civi</span> <span class='ocrx_word' id='word_1_230' title='bbox 427 2910 726 2982; x_wconf 75' lang='lat' dir='ltr'>Romano:</span> <span class='ocrx_word' id='word_1_231' title='bbox 758 2914 813 2995; x_wconf 79' lang='lat' dir='ltr'>ei</span> <span class='ocrx_word' id='word_1_232' title='bbox 845 2914 1170 2993; x_wconf 70' lang='lat' dir='ltr'>praesertim</span> <span class='ocrx_word' id='word_1_233' title='bbox 1198 2915 1301 2995; x_wconf 89' lang='lat' dir='ltr'>qui</span> <span class='ocrx_word' id='word_1_234' title='bbox 1330 2917 1583 2977; x_wconf 84' lang='lat' dir='ltr'>bonores</span> <span class='ocrx_word' id='word_1_235' title='bbox 1607 2935 1642 2976; x_wconf 86' lang='lat' dir='ltr'>a</span> <span class='ocrx_word' id='word_1_236' title='bbox 1671 2916 1896 2995; x_wconf 92' lang='lat' dir='ltr'>populo</span> <span class='ocrx_word' id='word_1_237' title='bbox 1924 2915 2285 2995; x_wconf 85' lang='lat' dir='ltr'>percepisset</span> <span class='ocrx_word' id='word_1_238' title='bbox 2306 2914 2502 2974; x_wconf 87' lang='lat' dir='ltr'>adbuc</span> 
     </span>
     <span class='ocr_line' id='line_1_27' title="bbox 295 3010 2498 3092; baseline 0.004 -30"><span class='ocrx_word' id='word_1_239' title='bbox 295 3013 468 3069; x_wconf 84' lang='lat' dir='ltr'>stante</span> <span class='ocrx_word' id='word_1_240' title='bbox 507 3011 843 3091; x_wconf 85' lang='lat' dir='ltr'>republica,</span> <span class='ocrx_word' id='word_1_241' title='bbox 889 3013 1067 3075; x_wconf 73' lang='lat' dir='ltr'>subse</span> <span class='ocrx_word' id='word_1_242' title='bbox 1108 3015 1228 3091; x_wconf 76' lang='lat' dir='ltr'>regi</span> <span class='ocrx_word' id='word_1_243' title='bbox 1258 3012 1512 3072; x_wconf 83' lang='lat' dir='ltr'>barbaro</span> <span class='ocrx_word' id='word_1_244' title='bbox 1540 3012 1741 3092; x_wconf 85' lang='lat' dir='ltr'>potius</span> <span class='ocrx_word' id='word_1_245' title='bbox 1769 3030 1949 3091; x_wconf 85' lang='lat' dir='ltr'>quam</span> <span class='ocrx_word' id='word_1_246' title='bbox 1993 3010 2330 3091; x_wconf 86' lang='lat' dir='ltr'>imperatori</span> <span class='ocrx_word' id='word_1_247' title='bbox 2376 3010 2498 3072; x_wconf 83' lang='lat' dir='ltr'>Ro-</span> 
     </span>
     <span class='ocr_line' id='line_1_28' title="bbox 295 3105 2502 3188; baseline 0.002 -23"><span class='ocrx_word' id='word_1_248' title='bbox 295 3105 437 3165; x_wconf 69' lang='lat' dir='ltr'>mai</span> <span class='ocrx_word' id='word_1_249' title='bbox 476 3109 773 3169; x_wconf 81' lang='lat' dir='ltr'>exercitus</span> <span class='ocrx_word' id='word_1_250' title='bbox 802 3109 1099 3188; x_wconf 75' lang='lat' dir='ltr'>paruisse:</span> <span class='ocrx_word' id='word_1_251' title='bbox 1152 3110 1361 3170; x_wconf 90' lang='lat' dir='ltr'>mirum</span> <span class='ocrx_word' id='word_1_252' title='bbox 1413 3128 1531 3170; x_wconf 90' lang='lat' dir='ltr'>non</span> <span class='ocrx_word' id='word_1_253' title='bbox 1591 3108 1840 3172; x_wconf 85' lang='lat' dir='ltr'>inficior.</span> <span class='ocrx_word' id='word_1_254' title='bbox 1945 3108 2066 3171; x_wconf 84' lang='lat' dir='ltr'>Sed</span> <span class='ocrx_word' id='word_1_255' title='bbox 2113 3108 2272 3169; x_wconf 88' lang='lat' dir='ltr'>baud</span> <span class='ocrx_word' id='word_1_256' title='bbox 2321 3107 2502 3169; x_wconf 83' lang='lat' dir='ltr'>dubie</span> 
     </span>
     <span class='ocr_line' id='line_1_29' title="bbox 297 3200 2506 3288; baseline 0.003 -30"><span class='ocrx_word' id='word_1_257' title='bbox 297 3200 448 3263; x_wconf 79' lang='lat' dir='ltr'>valde</span> <span class='ocrx_word' id='word_1_258' title='bbox 474 3204 687 3277; x_wconf 67' lang='lat' dir='ltr'>indies,</span> <span class='ocrx_word' id='word_1_259' title='bbox 716 3217 1003 3285; x_wconf 85' lang='lat' dir='ltr'>quantum</span> <span class='ocrx_word' id='word_1_260' title='bbox 1036 3208 1175 3269; x_wconf 87' lang='lat' dir='ltr'>mibi</span> <span class='ocrx_word' id='word_1_261' title='bbox 1203 3219 1468 3288; x_wconf 82' lang='lat' dir='ltr'>apparet,</span> <span class='ocrx_word' id='word_1_262' title='bbox 1498 3208 1700 3288; x_wconf 82' lang='lat' dir='ltr'>Scipio</span> <span class='ocrx_word' id='word_1_263' title='bbox 1725 3208 1902 3269; x_wconf 89' lang='lat' dir='ltr'>etiam</span> <span class='ocrx_word' id='word_1_264' title='bbox 1935 3208 2085 3269; x_wconf 90' lang='lat' dir='ltr'>inter</span> <span class='ocrx_word' id='word_1_265' title='bbox 2105 3224 2238 3271; x_wconf 87' lang='lat' dir='ltr'>suos</span> <span class='ocrx_word' id='word_1_266' title='bbox 2265 3205 2506 3267; x_wconf 74' lang='lat' dir='ltr'>vilesce-</span> 
     </span>
     <span class='ocr_line' id='line_1_30' title="bbox 296 3296 2503 3386; baseline 0.003 -29"><span class='ocrx_word' id='word_1_267' title='bbox 296 3296 403 3370; x_wconf 71' lang='lat' dir='ltr'>but,</span> <span class='ocrx_word' id='word_1_268' title='bbox 430 3303 594 3382; x_wconf 86' lang='lat' dir='ltr'>quod</span> <span class='ocrx_word' id='word_1_269' title='bbox 625 3306 710 3364; x_wconf 84' lang='lat' dir='ltr'>ita</span> <span class='ocrx_word' id='word_1_270' title='bbox 736 3324 880 3372; x_wconf 82' lang='lat' dir='ltr'>esse,</span> <span class='ocrx_word' id='word_1_271' title='bbox 904 3325 1159 3385; x_wconf 81' lang='lat' dir='ltr'>sequens</span> <span class='ocrx_word' id='word_1_272' title='bbox 1187 3326 1426 3386; x_wconf 90' lang='lat' dir='ltr'>quoque</span> <span class='ocrx_word' id='word_1_273' title='bbox 1452 3317 1622 3367; x_wconf 85' lang='lat' dir='ltr'>actus</span> <span class='ocrx_word' id='word_1_274' title='bbox 1651 3305 1872 3367; x_wconf 89' lang='lat' dir='ltr'>indicio</span> <span class='ocrx_word' id='word_1_275' title='bbox 1894 3315 2004 3368; x_wconf 88' lang='lat' dir='ltr'>est.</span> <span class='ocrx_word' id='word_1_276' title='bbox 2087 3304 2318 3384; x_wconf 85' lang='lat' dir='ltr'>Nempe</span> <span class='ocrx_word' id='word_1_277' title='bbox 2346 3302 2503 3365; x_wconf 88' lang='lat' dir='ltr'>Juba</span> 
     </span>
     <span class='ocr_line' id='line_1_31' title="bbox 296 3399 2500 3482; baseline 0.003 -29"><span class='ocrx_word' id='word_1_278' title='bbox 296 3412 400 3457; x_wconf 84' lang='lat' dir='ltr'>nou</span> <span class='ocrx_word' id='word_1_279' title='bbox 426 3399 483 3458; x_wconf 90' lang='lat' dir='ltr'>in</span> <span class='ocrx_word' id='word_1_280' title='bbox 514 3402 839 3480; x_wconf 80' lang='lat' dir='ltr'>Aquinium</span> <span class='ocrx_word' id='word_1_281' title='bbox 874 3402 1058 3463; x_wconf 84' lang='lat' dir='ltr'>modo</span> <span class='ocrx_word' id='word_1_282' title='bbox 1085 3402 1361 3482; x_wconf 71' lang='lat' dir='ltr'>exiguum</span> <span class='ocrx_word' id='word_1_283' title='bbox 1393 3412 1721 3464; x_wconf 82' lang='lat' dir='ltr'>senatorem</span> <span class='ocrx_word' id='word_1_284' title='bbox 1742 3404 1977 3482; x_wconf 84' lang='lat' dir='ltr'>justum</span> <span class='ocrx_word' id='word_1_285' title='bbox 2007 3403 2312 3482; x_wconf 84' lang='lat' dir='ltr'>imperinm</span> <span class='ocrx_word' id='word_1_286' title='bbox 2345 3419 2500 3461; x_wconf 68' lang='lat' dir='ltr'>cou-</span> 
     </span>
     <span class='ocr_line' id='line_1_32' title="bbox 297 3490 2506 3581; baseline 0.001 -27"><span class='ocrx_word' id='word_1_287' title='bbox 297 3490 532 3559; x_wconf 75' lang='lat' dir='ltr'>tidenter</span> <span class='ocrx_word' id='word_1_288' title='bbox 555 3499 841 3572; x_wconf 81' lang='lat' dir='ltr'>exercuit,</span> <span class='ocrx_word' id='word_1_289' title='bbox 875 3500 976 3560; x_wconf 84' lang='lat' dir='ltr'>sed</span> <span class='ocrx_word' id='word_1_290' title='bbox 1018 3500 1306 3578; x_wconf 84' lang='lat' dir='ltr'>injustum</span> <span class='ocrx_word' id='word_1_291' title='bbox 1339 3508 1519 3581; x_wconf 88' lang='lat' dir='ltr'>atque</span> <span class='ocrx_word' id='word_1_292' title='bbox 1560 3518 1839 3579; x_wconf 83' lang='lat' dir='ltr'>arrogans</span> <span class='ocrx_word' id='word_1_293' title='bbox 1868 3500 1926 3560; x_wconf 90' lang='lat' dir='ltr'>in</span> <span class='ocrx_word' id='word_1_294' title='bbox 1950 3500 2142 3579; x_wconf 85' lang='lat' dir='ltr'>ipsum</span> <span class='ocrx_word' id='word_1_295' title='bbox 2170 3497 2347 3560; x_wconf 80' lang='lat' dir='ltr'>etiam</span> <span class='ocrx_word' id='word_1_296' title='bbox 2376 3497 2506 3558; x_wconf 85' lang='lat' dir='ltr'>Sci-</span> 
     </span>
     <span class='ocr_line' id='line_1_33' title="bbox 298 3592 2504 3678; baseline 0.002 -29"><span class='ocrx_word' id='word_1_297' title='bbox 298 3592 539 3668; x_wconf 83' lang='lat' dir='ltr'>pionem,</span> <span class='ocrx_word' id='word_1_298' title='bbox 571 3616 691 3656; x_wconf 87' lang='lat' dir='ltr'>non</span> <span class='ocrx_word' id='word_1_299' title='bbox 711 3597 905 3658; x_wconf 81' lang='lat' dir='ltr'>dicam</span> <span class='ocrx_word' id='word_1_300' title='bbox 936 3598 1343 3677; x_wconf 79' lang='lat' dir='ltr'>imperatorem</span> <span class='ocrx_word' id='word_1_301' title='bbox 1379 3618 1452 3659; x_wconf 92' lang='lat' dir='ltr'>eo</span> <span class='ocrx_word' id='word_1_302' title='bbox 1480 3608 1768 3678; x_wconf 87' lang='lat' dir='ltr'>tempore,</span> <span class='ocrx_word' id='word_1_303' title='bbox 1798 3599 1899 3659; x_wconf 79' lang='lat' dir='ltr'>sed</span> <span class='ocrx_word' id='word_1_304' title='bbox 1931 3607 2146 3678; x_wconf 78' lang='lat' dir='ltr'>praeter</span> <span class='ocrx_word' id='word_1_305' title='bbox 2171 3595 2504 3675; x_wconf 85' lang='lat' dir='ltr'>imperium,</span> 
     </span>
     <span class='ocr_line' id='line_1_34' title="bbox 295 3689 2506 3774; baseline -0 -22"><span class='ocrx_word' id='word_1_306' title='bbox 295 3689 455 3770; x_wconf 76' lang='lat'><strong>[235]</strong></span> <span class='ocrx_word' id='word_1_307' title='bbox 482 3694 805 3754; x_wconf 85' lang='lat' dir='ltr'>bonoribus</span> <span class='ocrx_word' id='word_1_308' title='bbox 846 3695 1023 3774; x_wconf 77' lang='lat' dir='ltr'>gestis</span> <span class='ocrx_word' id='word_1_309' title='bbox 1070 3703 1130 3755; x_wconf 87' lang='lat' dir='ltr'>et</span> <span class='ocrx_word' id='word_1_310' title='bbox 1178 3696 1588 3756; x_wconf 64' lang='lat' dir='ltr'>vetustissimas</span> <span class='ocrx_word' id='word_1_311' title='bbox 1623 3694 1858 3755; x_wconf 69' lang='lat' dir='ltr'>fanniliae</span> <span class='ocrx_word' id='word_1_312' title='bbox 1914 3692 2221 3773; x_wconf 82' lang='lat' dir='ltr'>splendore</span> <span class='ocrx_word' id='word_1_313' title='bbox 2269 3704 2506 3752; x_wconf 80' lang='lat' dir='ltr'>venera·-</span> 
     </span>
     <span class='ocr_line' id='line_1_35' title="bbox 301 3784 2509 3873; baseline -0 -23"><span class='ocrx_word' id='word_1_314' title='bbox 301 3784 496 3852; x_wconf 74' lang='lat' dir='ltr'>bilem:</span> <span class='ocrx_word' id='word_1_315' title='bbox 529 3792 636 3871; x_wconf 87' lang='lat' dir='ltr'>qui</span> <span class='ocrx_word' id='word_1_316' title='bbox 658 3812 799 3852; x_wconf 87' lang='lat' dir='ltr'>cum</span> <span class='ocrx_word' id='word_1_317' title='bbox 829 3804 964 3853; x_wconf 86' lang='lat' dir='ltr'>ante</span> <span class='ocrx_word' id='word_1_318' title='bbox 992 3793 1143 3872; x_wconf 86' lang='lat' dir='ltr'>regis</span> <span class='ocrx_word' id='word_1_319' title='bbox 1172 3792 1492 3853; x_wconf 79' lang='lat' dir='ltr'>adventum</span> <span class='ocrx_word' id='word_1_320' title='bbox 1538 3803 1700 3853; x_wconf 83' lang='lat' dir='ltr'>veste</span> <span class='ocrx_word' id='word_1_321' title='bbox 1725 3810 2021 3873; x_wconf 84' lang='lat' dir='ltr'>purpurea</span> <span class='ocrx_word' id='word_1_322' title='bbox 2049 3799 2327 3859; x_wconf 86' lang='lat' dir='ltr'>uteretur,</span> <span class='ocrx_word' id='word_1_323' title='bbox 2358 3786 2509 3849; x_wconf 74' lang='lat' dir='ltr'>dixit</span> 
     </span>
     <span class='ocr_line' id='line_1_36' title="bbox 294 3883 2508 3963; baseline -0 -16"><span class='ocrx_word' id='word_1_324' title='bbox 294 3883 342 3941; x_wconf 79' lang='lat' dir='ltr'>ei</span> <span class='ocrx_word' id='word_1_325' title='bbox 366 3888 541 3960; x_wconf 84' lang='lat' dir='ltr'>Juba,</span> <span class='ocrx_word' id='word_1_326' title='bbox 576 3890 667 3950; x_wconf 80' lang='lat' dir='ltr'>vel</span> <span class='ocrx_word' id='word_1_327' title='bbox 693 3890 814 3950; x_wconf 90' lang='lat' dir='ltr'>dici</span> <span class='ocrx_word' id='word_1_328' title='bbox 843 3890 1006 3963; x_wconf 81' lang='lat' dir='ltr'>fecit,</span> <span class='ocrx_word' id='word_1_329' title='bbox 1048 3910 1164 3951; x_wconf 91' lang='lat' dir='ltr'>non</span> <span class='ocrx_word' id='word_1_330' title='bbox 1209 3891 1422 3952; x_wconf 87' lang='lat' dir='ltr'>decere</span> <span class='ocrx_word' id='word_1_331' title='bbox 1448 3890 1612 3952; x_wconf 90' lang='lat' dir='ltr'>illum</span> <span class='ocrx_word' id='word_1_332' title='bbox 1641 3890 1845 3951; x_wconf 87' lang='lat' dir='ltr'>eadem</span> <span class='ocrx_word' id='word_1_333' title='bbox 1877 3908 2079 3949; x_wconf 87' lang='lat' dir='ltr'>secum</span> <span class='ocrx_word' id='word_1_334' title='bbox 2106 3886 2251 3948; x_wconf 79' lang='lat' dir='ltr'>vesti</span> <span class='ocrx_word' id='word_1_335' title='bbox 2280 3888 2393 3947; x_wconf 90' lang='lat' dir='ltr'>uti:</span> <span class='ocrx_word' id='word_1_336' title='bbox 2444 3894 2508 3946; x_wconf 85' lang='lat' dir='ltr'>et</span> 
     </span>
     <span class='ocr_line' id='line_1_37' title="bbox 302 3983 2505 4069; baseline 0 -27"><span class='ocrx_word' id='word_1_337' title='bbox 302 3986 482 4059; x_wconf 75' lang='lat' dir='ltr'>paruit</span> <span class='ocrx_word' id='word_1_338' title='bbox 524 3987 900 4066; x_wconf 78' lang='lat' dir='ltr'>ignavissimo</span> <span class='ocrx_word' id='word_1_339' title='bbox 939 3989 1182 4062; x_wconf 88' lang='lat' dir='ltr'>homini,</span> <span class='ocrx_word' id='word_1_340' title='bbox 1213 3989 1347 4050; x_wconf 86' lang='lat' dir='ltr'>licet</span> <span class='ocrx_word' id='word_1_341' title='bbox 1380 3991 1500 4069; x_wconf 84' lang='lat' dir='ltr'>regi</span> <span class='ocrx_word' id='word_1_342' title='bbox 1544 3989 1719 4048; x_wconf 86' lang='lat' dir='ltr'>miser</span> <span class='ocrx_word' id='word_1_343' title='bbox 1757 3985 1872 4059; x_wconf 85' lang='lat' dir='ltr'>ille,</span> <span class='ocrx_word' id='word_1_344' title='bbox 1904 3997 1964 4046; x_wconf 87' lang='lat' dir='ltr'>et</span> <span class='ocrx_word' id='word_1_345' title='bbox 2011 3984 2336 4062; x_wconf 83' lang='lat' dir='ltr'>majoribus</span> <span class='ocrx_word' id='word_1_346' title='bbox 2384 3983 2505 4043; x_wconf 86' lang='lat' dir='ltr'>suis</span> 
     </span>
     <span class='ocr_line' id='line_1_38' title="bbox 300 4078 2510 4164; baseline 0.003 -28"><span class='ocrx_word' id='word_1_347' title='bbox 300 4078 704 4145; x_wconf 81' lang='lat' dir='ltr'>dissimilibus:</span> <span class='ocrx_word' id='word_1_348' title='bbox 749 4085 852 4164; x_wconf 89' lang='lat' dir='ltr'>qui</span> <span class='ocrx_word' id='word_1_349' title='bbox 900 4086 949 4146; x_wconf 83' lang='lat' dir='ltr'>si</span> <span class='ocrx_word' id='word_1_350' title='bbox 984 4086 1065 4146; x_wconf 87' lang='lat' dir='ltr'>ibi</span> <span class='ocrx_word' id='word_1_351' title='bbox 1094 4097 1304 4158; x_wconf 80' lang='lat' dir='ltr'>essent,</span> <span class='ocrx_word' id='word_1_352' title='bbox 1334 4087 1368 4147; x_wconf 87' lang='lat' dir='ltr'>J</span> <span class='ocrx_word' id='word_1_353' title='bbox 1377 4089 1578 4160; x_wconf 88' lang='lat' dir='ltr'>ubam,</span> <span class='ocrx_word' id='word_1_354' title='bbox 1609 4106 1742 4145; x_wconf 80' lang='lat' dir='ltr'>vere</span> <span class='ocrx_word' id='word_1_355' title='bbox 1771 4087 1886 4145; x_wconf 88' lang='lat' dir='ltr'>boc</span> <span class='ocrx_word' id='word_1_356' title='bbox 1916 4084 2057 4145; x_wconf 86' lang='lat' dir='ltr'>mihi</span> <span class='ocrx_word' id='word_1_357' title='bbox 2087 4082 2291 4146; x_wconf 84' lang='lat' dir='ltr'>videor</span> <span class='ocrx_word' id='word_1_358' title='bbox 2317 4082 2510 4144; x_wconf 87' lang='lat' dir='ltr'>dictu-</span> 
     </span>
    </p>
   </div>
   <div class='ocr_carea' id='block_1_3' title="bbox 815 4299 2006 4366">
    <p class='ocr_par' dir='ltr' id='par_1_4' title="bbox 815 4299 2006 4366">
     <span class='ocr_line' id='line_1_39' title="bbox 815 4299 2006 4366; baseline -0.002 -17"><span class='ocrx_word' id='word_1_359' title='bbox 815 4300 879 4350; x_wconf 74' lang='grc'>88</span> <span class='ocrx_word' id='word_1_360' title='bbox 913 4300 1071 4366; x_wconf 74' lang='lat' dir='ltr'>Lege,</span> <span class='ocrx_word' id='word_1_361' title='bbox 1099 4302 1291 4355; x_wconf 77' lang='lat' dir='ltr'>Uzitum</span> <span class='ocrx_word' id='word_1_362' title='bbox 1317 4300 1650 4364; x_wconf 55' lang='lat' dir='ltr'>Africam—80</span> <span class='ocrx_word' id='word_1_363' title='bbox 1683 4299 1841 4365; x_wconf 72' lang='lat' dir='ltr'>Lego,</span> <span class='ocrx_word' id='word_1_364' title='bbox 1867 4300 2006 4349; x_wconf 77' lang='lat' dir='ltr'>Cum.</span> 
     </span>
    </p>
   </div>
  </div>
 </body>
</html>
