3117 5025
568 453 752 522 1852
1224 470 1282 518 s.
1326 467 1540 516 cust
1591 467 2132 518 conmanunt!

571 621 728 683 fama
754 627 846 681 est
872 619 1133 680 timuisse
1159 620 1380 692 hostes,
1423 641 1495 681 ne
1522 641 1641 681 una
1666 643 1803 683 cum
1834 624 2065 684 caesare
2093 623 2242 683 inter
2266 622 2536 683 tenebras
2578 621 2784 702 oppri-

571 727 799 780 merent
826 737 997 779 suum
1026 737 1242 796 regem,
1271 737 1444 797 quem
1497 719 1722 778 salvum
1771 720 2118 797 cupiebant,
2165 728 2234 779 ut
2279 717 2453 799 ³⁶qua
2487 728 2784 798 potestate

575 815 743 896 pueri
768 816 845 877 ad
875 815 1066 876 scelus
1094 815 1508 886 abutebantur,
1555 817 1709 876 sicut
1757 819 2023 877 nonnulli
2071 826 2268 877 nostra
2307 817 2531 877 faciunt
2579 825 2784 888 oetate3

574 934 828 993 eamque
870 913 1073 974 salutis
1119 933 1350 974 causam
1394 915 1684 976 extitisse:
1731 916 1855 993 ipse
1883 924 2075 975 autem
2108 935 2170 975 se
2198 915 2256 974 in
2289 915 2432 974 urbe
2460 933 2665 994 parum
2696 923 2790 974 tn·

577 1020 703 1073 tum
731 1012 1003 1083 sentiens,
1051 1011 1405 1089 improvisus
1446 1012 1671 1072 Pharon
1703 1029 1850 1091 pene
1901 1013 2143 1071 insulam
2176 1011 2508 1089 occupavit,
2536 1021 2605 1071 ut
2645 1009 2786 1070 loco

564 1108 778 1170 saltem
831 1109 1013 1169 tutior
1065 1109 1494 1188 aliquantulum
1552 1109 1898 1189 quiesceret,
1957 1108 2260 1188 qnodque,
2318 1108 2422 1167 otii
2476 1107 2580 1167 ubi
2627 1105 2787 1167 aliud

574 1206 820 1276 adesset,
850 1206 1000 1266 inter
1028 1206 1180 1265 bella
1220 1206 1604 1285 cupidissime
1643 1207 2032 1268 ³⁷facturabat
2076 1206 2315 1266 lectioni
2361 1227 2431 1266 ac
2474 1206 2790 1285 scriptura:

577 1323 818 1383 operam
845 1305 1039 1364 daret:
1083 1323 1276 1383 neque
1306 1313 1501 1365 tamen
1532 1304 1804 1364 diuturna
1845 1302 2170 1382 respirandi
2216 1303 2466 1380 contigit
2512 1301 2789 1364 facultas.

576 1401 809 1464 Inimici
832 1401 988 1461 enim
1015 1402 1338 1480 potentiam
1369 1401 1617 1462 caesaris
1666 1401 1830 1480 qnasi
1881 1400 2104 1460 fulmen
2149 1391 2494 1461 bort-ebant:
2536 1409 2597 1460 et
2627 1398 2790 1479 quod

578 1500 778 1559 multis
804 1499 1045 1570 accidit,
1074 1499 1395 1577 periculum
1442 1507 1786 1570 metuentes,
1827 1498 2154 1577 periculum
2195 1497 2596 1557 maturabant:
2643 1517 2795 1556 sem-

578 1616 689 1676 per
704 1617 843 1677 ergo
870 1597 1132 1669 consilia,
1165 1616 1392 1677 semper
1419 1617 1601 1668 arma,
1634 1617 1862 1675 semper
1886 1597 2127 1656 insidias
2149 1597 2467 1676 agitabant.
2498 1595 2673 1675 [217]
2702 1596 2798 1654 In-

580 1694 755 1755 terim
799 1715 957 1766 vero,
1007 1695 1187 1756 credo
1234 1697 1398 1774 ³⁸ego
1444 1694 1702 1755 bostium
1749 1705 2026 1773 suggestu
2075 1693 2250 1772 legati
2293 1691 2675 1752 Alexandrini
2716 1691 2792 1751 ad

581 1792 877 1853 eman-em
905 1801 1187 1854 venerunt
1230 1812 1424 1872 regem
1475 1811 1645 1850 suum
1694 1802 2103 1870 reposcentes:
2148 1790 2365 1869 quibus
2413 1789 2512 1849 ille
2557 1788 2794 1849 facilem

564 1889 914 1968 -³⁹pr·.ebuit.
998 1893 1153 1952 Cum
1202 1909 1338 1949 vero
1382 1889 1677 1949 dimittere
1721 1908 1856 1949 eum
1907 1890 2097 1958 vellet,
2127 1888 2222 1948 ille
2250 1888 2680 1949 versutissimus
2724 1906 2796 1946 ac

580 1986 990 2048 fallacissimus
1018 2008 1180 2068 puer,
1222 1996 1284 2048 et
1326 2006 1568 2047 suorum
1614 1987 1826 2057 similis,
1858 1985 2011 2046 fictis
2041 2007 2174 2046 cum
2207 1987 2476 2067 iacrymis
2502 1987 2797 2045 Caesarem

585 2085 940 2164 precabatur
984 2105 1058 2145 ne
1107 2086 1165 2146 id
1216 2085 1464 2146 faceret:
1508 2105 1702 2164 neque
1749 2085 1904 2146 euim
1952 2105 2191 2163 regnum
2222 2083 2331 2145 sibi
2373 2101 2497 2143 esse
2523 2084 2799 2143 Caesareo

587 2183 779 2243 carius
808 2192 1075 2263 aspectu.
1140 2183 1321 2252 Quod
1352 2186 1555 2244 Caesar
1581 2185 1847 2257 audiens,
1877 2185 2136 2244 inhibitis
2161 2183 2432 2262 lacrymis
2457 2182 2678 2241 solatus
2710 2191 2802 2240 est

584 2297 849 2358 puerum.
931 2280 1048 2340 ‘Et
1087 2281 1137 2340 si
1176 2280 1371 2352 hunc,'
1422 2282 1631 2361 inquit,
1679 2291 1884 2362 ‘quem
1929 2281 2259 2362 praetendis,
2292 2281 2546 2340 animum
2591 2279 2795 2351 habes,

574 2377 713 2438 cito
738 2377 813 2437 ad
865 2397 959 2438 me
1004 2378 1219 2439 reverti
1265 2388 1326 2439 et
1374 2399 1602 2440 mecum
1645 2400 1772 2440 esse
1817 2379 2067 2458 poteris:
2113 2398 2269 2439 nunc
2297 2377 2445 2437 vade
2474 2387 2534 2436 et
2560 2385 2800 2436 tuorum

586 2473 880 2537 desiderio
908 2475 1046 2538 satis
1077 2478 1203 2539 sac:
1248 2487 1425 2558 teque
1471 2480 1675 2539 hortor
1701 2487 1760 2539 et
1810 2480 2100 2540 admoneo
2144 2487 2208 2538 ut
2235 2476 2552 2538 amicitiam
2583 2477 2805 2537 Roma·

586 2592 721 2634 nam
768 2574 901 2654 plus
950 2595 1130 2654 quam
1179 2592 1341 2637 arma
1385 2578 1631 2656 experiri
1681 2578 1872 2638 velist’
1913 2580 1999 2638 sic
2042 2575 2177 2637 ⁴0ad
2225 2576 2512 2635 munitum
2555 2573 2803 2636 dimisit.

570 2670 697 2730 -lne
724 2673 884 2732 velut
912 2671 1075 2733 ferox
1103 2674 1276 2734 belua
1304 2674 1550 2745 vinculis
1578 2676 1803 2747 emissa,
1831 2676 1968 2735 totis
1996 2695 2131 2734 mox
2155 2675 2316 2755 regni
2343 2672 2563 2733 viribus
2590 2682 2803 2732 contra

590 2769 884 2831 Caesarem
912 2773 1301 2852 conspiravit:
1346 2781 1411 2833 ut
1461 2774 1597 2833 satis
1645 2774 2000 2846 ostenderet,
2052 2792 2112 2833 se
2153 2772 2402 2852 primum
2431 2789 2552 2849 prae
2580 2768 2802 2849 gaudio

587 2867 1000 2949 lacrymatum:
1043 2890 1194 2950 pene
1223 2871 1344 2930 laeti
1374 2871 1490 2930 boc
1518 2882 1732 2932 eventu
1758 2879 1922 2931 erant
1942 2870 2187 2931 Caesaris
2214 2867 2408 2939 amici,
2442 2876 2663 2926 tantam
2689 2867 2806 2927 sibi

590 2963 933 3026 facilitatem
974 2986 1045 3026 ac
1087 2968 1457 3028 clementiam
1501 2988 1630 3028 esse
1662 2968 2019 3040 damnosam,
2069 2966 2229 3046 quod
2263 2975 2380 3025 tam
2410 2964 2530 3024 cito
2578 2984 2801 3044 regem,

593 3079 768 3139 quem
800 3064 857 3121 in
882 3073 1171 3141 potestate
1198 3065 1440 3124 baberet
1486 3065 1822 3143 petentibus
1864 3064 2195 3136 remisisset,
2225 3073 2290 3124 nt
2335 3061 2668 3141 “superbia
2698 3062 2806 3122 bo-

592 3156 749 3216 nitas
803 3158 1036 3235 probati
1079 3161 1249 3220 ducis
1291 3161 1495 3239 puerili
1536 3162 1789 3222 versutia
1826 3162 2241 3241 ⁴²placeretur:
2283 3161 2456 3240 quasi
2496 3179 2635 3219 vero
2685 3159 2803 3220 hoc

540 3304 547 3313 ‚
594 3253 843 3315 Caesaris
870 3255 1131 3316 bonitate
1160 3257 1302 3329 sola,
1332 3276 1447 3317 non
1476 3258 1759 3318 ”alitiore
1789 3258 2032 3320 consilio
2062 3269 2288 3339 gestum
2317 3266 2494 3331 esset,
2524 3267 2588 3317 ut
2615 3266 2678 3317 et
2702 3276 2804 3316 rex

596 3368 857 3430 praesens
900 3350 1185 3432 inciperet
1229 3354 1348 3413 suis
1394 3375 1520 3415 esse
1565 3355 1963 3436 contemptui:
2005 3356 2190 3416 niulta
2215 3355 2372 3415 enim
2399 3354 2808 3415 desiderantur

584 3448 871 3510 *absentia
912 3460 975 3510 et
1019 3452 1328 3531 praesentia
1370 3460 1859 3514 contemnuntur:
1902 3464 1962 3513 et
1991 3452 2367 3512 Alexandrini
2394 3452 2634 3531 cognito
2663 3450 2808 3512 nibil

580 3545 683 3607 ·eis
712 3549 800 3608 sui
826 3547 1045 3628 ⁴⁴regni
1071 3549 1325 3609 adventu
1355 3548 1693 3621 accrevisse,
1725 3549 1990 3627 nihilque
2020 3550 2282 3628 digressu
2313 3548 2443 3627 ejus
2473 3548 2806 3609 decrevisse

600 3644 902 3720 Romanis,
923 3647 1064 3724 jure
1091 3654 1627 3707 consternarentur:
1674 3645 1756 3705 nil
1787 3645 1942 3705 enim
1986 3646 2167 3725 magis
2195 3645 2418 3705 animos
2447 3645 2806 3725 populorum

599 3744 807 3823 dejicit
833 3765 1011 3825 quam
1044 3745 1316 3824 subjecta
1340 3745 1527 3804 oculis
1568 3744 1654 3803 sui
1684 3743 1996 3823 superioris
2025 3743 2255 3804 inertia.
2337 3743 2630 3802 Caeterum
2661 3763 2805 3803 con-

598 3850 692 3903 tra
718 3845 878 3904 hunc
920 3854 1147 3904 motum
1193 3845 1397 3904 Gaesar
1442 3842 1610 3902 solita
1636 3842 1849 3902 virtute
1897 3860 2269 3920 consurgens,
2317 3860 2456 3899 cum
2503 3841 2808 3920 eruptione

596 3940 858 4001 hostium
885 3942 1203 4020 repentina,
1232 3941 1309 4002 ad
1338 3941 1587 4001 classem
1629 3958 1796 4001 suam
1842 3939 2183 4000 transiturus
2225 3938 2285 3997 in
2312 3936 2637 3998 naviculam
2666 3954 2807 4000 con-

668 4195 734 4241 ⁸6
768 4192 926 4258 Lege,
946 4192 1179 4257 qna-⁸⁷
1211 4192 1390 4259 Forte,
1414 4192 1832 4255 fafflffl.—⁸8
1863 4194 2020 4259 Puto,
2051 4193 2432 4244 mamea—sa
2462 4188 2636 4253 Adde,
2671 4202 2809 4239 ss.—

605 4279 672 4326 ⁴⁰
704 4274 866 4339 Lege,
894 4275 1331 4409 affusum-41
1364 4275 1539 4346 Adde,
1568 4278 1867 4341 uidae—48
1898 4277 2079 4343 Forte,
2112 4275 2527 4330 &aedua-4⁸
2558 4273 2722 4338 Lege,
2740 4271 2811 4322 d*-

606 4356 875 4408 tivum—44
982 4371 1066 4424 ge,
1082 4357 1226 4422 regis.
