3117 5025
597 421 773 490 1740
1243 441 1305 491 J.
1349 439 1561 489 οειει
1610 439 2148 490 consuant-mnu

602 601 671 652 ut
711 591 958 654 urbibus
987 600 1167 671 atque
1194 590 1390 670 opidis
1430 590 1575 651 ”de
1601 591 1804 653 electis
1831 591 2114 671 conjuges
2134 587 2406 668 filiosque
2433 596 2492 648 et
2523 586 2807 667 quicquid

603 687 687 748 eis
714 707 914 748 carum
933 698 1089 748 esset
1110 687 1168 747 in
1190 687 1371 760 silvis,
1392 708 1528 768 quoe
1556 689 1853 750 immensae
1882 689 1994 749 illis
2022 696 2208 758 erant,
2234 685 2660 747 reconderent:
2704 684 2810 745 viri

604 804 807 846 omnes
851 787 932 818 ¹0⁰
942 787 1385 865 armiportantes
1413 795 1579 846 certo
1607 785 1742 846 loco
1784 786 2067 848 ¹Suevae
2053 804 2113 844 ιιι
2163 784 2354 844 medio
2393 803 2470 843 ex
2508 782 2667 843 omni
2707 800 2812 841 un·

602 879 784 961 dique
807 881 1038 962 regione
1066 882 1465 944 confluerent:
1508 882 1594 942 ibi
1619 882 1910 943 Caesarem
1939 891 2338 962 expectarent,
2381 881 2625 961 acieque
2669 897 2811 940 con-

601 976 886 1059 fligerent.
967 981 1169 1041 Caesar
1193 984 1481 1051 autem,²
1491 1000 1669 1061 quam
1697 990 1891 1041 tamen
1919 980 2139 1051 nescio,
2163 980 2267 1040 sed
2297 980 2556 1059 opinioni
2577 983 2807 1039 tantum

596 1075 788 1138 virum
813 1077 896 1137 nil
922 1077 1046 1138 sine
1073 1089 1234 1140 certa
1273 1079 1543 1151 voluisse,
1594 1088 1903 1139 contentus
1929 1079 1990 1138 in
2016 1078 2270 1157 prtesens
2313 1077 2425 1137 ἰὰ
2457 1097 2564 1137 suo
2593 1076 2804 1136 Vibios

592 1172 906 1235 'obsidione
931 1174 1245 1236 liberasse:
1287 1195 1360 1236 ac
1403 1177 1599 1256 reipsa
1621 1177 1943 1237 ostendisse
1970 1178 2295 1248 Germanis,
2338 1174 2533 1236 Rheni
2559 1173 2808 1234 transitu

601 1272 918 1343 Romanos,
961 1292 1152 1353 neque
1194 1284 1357 1334 metu
1400 1293 1592 1353 neque
1634 1273 1979 1336 difficultate
2025 1274 2346 1358 prohiberi,
2392 1270 2705 1353 quominus
2744 1278 2806 1330 et

596 1367 800 1429 amicis
825 1367 1014 1428 serant
1041 1389 1218 1449 opem
1245 1381 1302 1431 et
1333 1371 1601 1432 hostibus
1632 1371 1946 1444 ultionem:
1981 1371 2115 1453 [72]
2145 1391 2263 1433 non
2290 1371 2396 1432 nisi
2423 1369 2633 1429 decem
2661 1375 2804 1427 octo

596 1464 810 1526 diebus
854 1467 1000 1526 actis
1061 1467 1121 1525 in
1167 1469 1500 1538 Germania,
1542 1468 1715 1528 rediit
1769 1470 1828 1530 in
1883 1470 2151 1542 Gallias;
2235 1478 2596 1548 pontemque
2671 1472 2806 1543 post

593 1571 828 1642 tergum
853 1559 1029 1641 fregit
1054 1581 1127 1623 ne
1153 1563 1232 1622 ab
1261 1564 1519 1625 hostibus
1548 1564 1929 1646 frangeretur.

584 1689 595 1700 ¹
686 1659 1108 1722 Crescentibus
1125 1661 1312 1721 indies
1341 1662 1506 1723 bellis
1533 1672 1714 1742 atque
1742 1663 2044 1743 perieulis:
2098 1662 2401 1723 crescebat
2441 1660 2609 1722 simul
2636 1659 2806 1721 ducis

586 1756 849 1829 animus,
878 1766 940 1817 et
965 1756 1031 1817 *ιι
1057 1758 1198 1818 tritu
1220 1759 1381 1819 velut
1407 1779 1615 1821 aurum
1645 1760 2014 1840 splendidior
2034 1758 2235 1832 fiebat,
2265 1777 2459 1839 quove
2488 1757 2627 1835 plus
2653 1754 2806 1816 diffi-

596 1853 883 1915 cultatum
907 1875 980 1915 eo
1001 1863 1062 1915 et
1090 1855 1218 1934 plus
1240 1858 1365 1936 spei
1393 1867 1540 1919 erat.
1623 1861 1692 1919 ln
1735 1859 2010 1920 omnibus
2041 1856 2284 1936 quidem
2318 1855 2506 1928 bellis,
2525 1873 2662 1934 quae
2694 1871 2803 1933 per

594 1972 726 2013 eum
758 1952 819 2012 in
852 1953 1064 2014 Galliis
1092 1953 1167 2013 ad
1215 1955 1276 2015 id
1311 1965 1546 2035 tempus
1564 1965 1733 2036 gesta
1772 1964 1960 2027 erant,
1990 1955 2466 2016 missa'hostibus
2512 1951 2724 2015 auxilia
2764 1969 2801 2010 a

592 2049 888 2110 Britannis
913 2063 1248 2129 agnoverat.
1330 2053 1401 2112 Id
1432 2053 1740 2133 indignans
1754 2054 1832 2113 ad
1859 2075 1961 2114 eos
1986 2054 2070 2114 ire
2095 2052 2406 2132 disposuit.
2489 2053 2568 2112 Et
2594 2068 2801 2129 quam·

594 2144 684 2206 vis
719 2156 1042 2208 extremum
1070 2149 1201 2227 jam
1248 2160 1479 2231 tempus
1533 2161 1687 2212 esset
1734 2152 1970 2224 aestatis,
2028 2171 2163 2230 quae
2204 2150 2316 2211 illis
2365 2150 2425 2210 in
2468 2148 2801 2227 regionibus

594 2254 841 2323 propter
866 2243 1144 2305 ’vicinam
1192 2247 1625 2326 Septentriouis
1666 2258 1757 2310 est
1792 2248 2056 2320 brevior:
2104 2269 2176 2309 ue
2214 2246 2353 2328 quid
2384 2255 2582 2307 tamen
2622 2241 2799 2305 otiosi

593 2342 873 2421 temporis
901 2351 1117 2421 ageret,
1149 2343 1355 2403 insulae
1383 2353 1601 2405 statum
1643 2365 1958 2427 moresque
1995 2346 2297 2406 hominum
2333 2345 2632 2423 explorare
2679 2350 2800 2400 sta·

590 2439 725 2499 tuit·
807 2439 985 2510 Quod
1028 2459 1165 2501 cum
1194 2460 1385 2521 neque
1433 2463 1540 2523 per
1590 2440 1961 2506 “communes
1988 2444 2221 2517 Gallos,
2250 2442 2465 2523 quibus
2518 2441 2653 2501 loca
2698 2437 2799 2498 illa

590 2534 855 2596 nondum
881 2535 1081 2616 ’plena
1108 2549 1309 2609 erant3
1356 2559 1550 2620 neque
1597 2562 1706 2621 per
1749 2552 2097 2604 mercatores
2151 2543 2327 2621 ipsos,
2376 2538 2481 2619 qui
2522 2557 2641 2599 non
2688 2534 2799 2596 nisi

591 2631 891 2696 'lictoreas
922 2644 1121 2706 terras,
1149 2657 1369 2719 easque
1397 2659 1514 2699 non
1558 2660 1783 2712 omnes,
1814 2639 1920 2701 sed
1947 2648 2171 2701 tantum
2213 2637 2430 2700 Galliae
2467 2633 2795 2716 oppositu»

590 2728 858 2804 adibant,
901 2751 1018 2792 non
1060 2732 1185 2794 fieri
1212 2744 1432 2815 posset,
1469 2738 1698 2816 Gajum
1718 2737 2070 2798 Volusenum
2100 2754 2216 2795 uua
2243 2753 2379 2795 cum
2408 2733 2585 2811 longa
2610 2727 2793 2791 navi*

589 2825 691 2887 'eo
732 2828 875 2908 quid
918 2849 1091 2910 agere
1137 2833 1279 2893 velit
1322 2833 1486 2895 illum
1529 2834 1608 2895 ad
1650 2844 2011 2897 momentum
2060 2833 2145 2895 ire
2184 2832 2396 2912 jubet:
2439 2839 2502 2889 et
2543 2826 2796 2908 cognitis

588 2921 701 2983 illis
731 2923 885 3006 ⁸⁰qui
909 2928 1189 3005 cognosci
1228 2941 1473 3008 possent
1521 2938 1813 2993 maturum
1854 2932 1951 2992 ille
1988 2931 2240 2991 reditum
2279 2930 2550 3008 imperat.
2631 2926 2690 2984 Is
2715 2924 2795 2987 ad

588 3039 723 3079 eum
751 3023 957 3100 quinto
975 3024 1157 3085 rediit
1182 3045 1300 3087 nou
1324 3047 1519 3100 ausus,
1548 3039 1617 3090 ut
1644 3028 1902 3101 dicebat,
1933 3028 1992 3087 in
2024 3036 2235 3088 terram
2253 3024 2473 3106 egredi,
2501 3041 2698 3102 neque
2727 3042 2794 3083 ’θ

589 3113 732 3175 fidei
760 3118 1139 3181 barbarorum
1169 3122 1409 3184 credere
1437 3132 1499 3185 et
1524 3132 1754 3185 tantum
1784 3125 2036 3185 exterius
2064 3125 2187 3185 visa
2211 3123 2570 3184 renuntians.
2642 3120 2793 3180 Haec

585 3211 670 3271 ita
690 3217 1012 3275 communis
1040 3215 1282 3295 quidem
1300 3218 1482 3279 habet
1496 3219 1769 3282 historia:
1793 3221 1984 3282 habeo
2000 3231 2193 3283 tamen
2210 3240 2326 3281 non
2343 3217 2629 3299 ignobiles
2654 3236 2797 3279 auc·

587 3318 745 3370 tores
765 3311 867 3390 qui
887 3311 1177 3374 Caesarem
1198 3334 1307 3393 per
1327 3317 1582 3397 seipsum
1606 3330 1810 3398 portus
1838 3329 1899 3380 et
1925 3320 2372 3401 navigationem,
2397 3327 2462 3378 et
2483 3332 2795 3378 accessum

587 3406 663 3467 ad
695 3407 942 3468 insulam
967 3411 1306 3491 explorasse
1334 3413 1709 3476 confirment:
1758 3415 1920 3496 quod
1952 3427 2018 3478 ut
2043 3415 2207 3478 credi
2232 3423 2435 3496 posset
2465 3413 2593 3493 ipse
2620 3411 2795 3472 ducis

585 3504 815 3566 animus
844 3505 986 3568 facit
1010 3516 1070 3567 et
1085 3509 1284 3570 similis
1306 3511 1435 3573 aliis
1463 3512 1521 3572 in
1540 3513 1720 3573 rebus
1740 3513 2008 3575 audacia.
2051 3515 2347 3575 Ceterum
2363 3532 2465 3573 seu
2486 3529 2593 3590 per
2609 3508 2792 3569 alium

585 3622 683 3663 seu
706 3622 813 3683 per
838 3623 901 3664 se
921 3605 1189 3684 cognitis,
1211 3626 1346 3686 quae
1373 3611 1652 3689 cognosci
1676 3620 1970 3689 poterant,
1981 3612 2110 3691 ipse
2129 3611 2188 3671 in
2217 3619 2539 3671 extremum
2569 3606 2789 3670 Galliae

584 3701 882 3780 angulum,
915 3701 1071 3763 unde
1095 3703 1327 3766 brevior
1348 3706 1407 3767 in
1430 3707 1929 3790 Brittanniam-est
1948 3708 2237 3781 transitus,
2268 3726 2389 3788 quo
2404 3706 2537 3785 jam
2565 3725 2629 3766 se
2649 3724 2789 3766 cum

581 3800 847 3862 exercitu
893 3801 1238 3876 contulerat,
1287 3804 1533 3865 classem
1586 3825 1820 3867 omnem
1873 3804 2141 3868 contrahi
2179 3804 2457 3884 imperat:
2525 3803 2605 3862 Et
2666 3819 2788 3880 qua

645 3998 714 4045 90
746 3996 924 4059 Forte,
955 3998 1320 4050 relicua—10⁰
1354 4000 1514 4065 Lege,
1535 4016 1673 4052 arm
1709 4005 2060 4069 portantem—l
2098 4000 2258 4065 Lege,
2277 3997 2579 4052 &evim-»2
2612 3996 2789 4061 Forte,

580 4084 720 4139 qm
755 4079 914 4127 tamen
948 4079 1102 4129 nexio
1136 4078 1193 4128 ob
1232 4084 1541 4144 mamaea
1578 4083 1743 4148 opinor
1762 4081 2483 4134 consumentium-ta
2517 4076 2790 4129 ration,—

579 4158 619 4205 8
648 4155 1041 4219 Pon-temdum
1057 4166 1258 4212 snm—4
1292 4162 1451 4228 Lege,
1480 4164 1774 4216 attritu—6
1807 4166 1968 4229 Lege,
1996 4162 2341 4214 nichium-6
2373 4161 2533 4225 laege,
2561 4157 2788 4211 mnino&

576 4239 677 4285 -7
711 4236 886 4303 Forte,
905 4238 1211 4302 mgnum-8
1242 4242 1749 4310 Lege,meorm.-9
1781 4247 1950 4298 Locus
1969 4250 2265 4311 corruptus.
2301 4242 2424 4297 vid.
2439 4243 2571 4295 (δα.
2592 4253 2670 4292 ιν.
2692 4240 2778 4293 21.

582 4319 713 4369 -10
746 4317 905 4386 Lege,
922 4333 1045 4386 «μαι.
