<?xml version="1.0" encoding="UTF-8"?>
<!DOCTYPE html PUBLIC "-//W3C//DTD XHTML 1.0 Transitional//EN"
    "http://www.w3.org/TR/xhtml1/DTD/xhtml1-transitional.dtd">
<html xmlns="http://www.w3.org/1999/xhtml" xml:lang="en" lang="en">
 <head>
  <title>
</title>
<meta http-equiv="Content-Type" content="text/html;charset=utf-8" />
  <meta name='ocr-system' content='tesseract 3.04.00' />
  <meta name='ocr-capabilities' content='ocr_page ocr_carea ocr_par ocr_line ocrx_word'/>
</head>
<body>
  <div class='ocr_page' id='page_1' title='image "./cjuliicaesariso00caesgoog_0382.png"; bbox 0 0 3117 5025; ppageno 0'>
   <div class='ocr_carea' id='block_1_1' title="bbox 589 398 2134 471">
    <p class='ocr_par' dir='ltr' id='par_1_1' title="bbox 589 398 2134 471">
     <span class='ocr_line' id='line_1_1' title="bbox 589 398 2134 471; baseline -0.012 0"><span class='ocrx_word' id='word_1_1' title='bbox 589 398 766 471; x_wconf 66' lang='lat' dir='ltr'>mbo</span> <span class='ocrx_word' id='word_1_2' title='bbox 1262 407 1651 461; x_wconf 69' lang='lat' dir='ltr'>nncnnsus</span> <span class='ocrx_word' id='word_1_3' title='bbox 1703 405 2134 455; x_wconf 72' lang='lat' dir='ltr'>nm‘momm</span> 
     </span>
    </p>
   </div>
   <div class='ocr_carea' id='block_1_2' title="bbox 601 552 2827 3462">
    <p class='ocr_par' dir='ltr' id='par_1_2' title="bbox 672 552 2810 1421">
     <span class='ocr_line' id='line_1_2' title="bbox 672 552 2799 642; baseline -0.005 -20"><span class='ocrx_word' id='word_1_4' title='bbox 672 580 816 642; x_wconf 89' lang='lat' dir='ltr'>pum</span> <span class='ocrx_word' id='word_1_5' title='bbox 844 558 1221 621; x_wconf 88' lang='lat' dir='ltr'>Beroaldum.</span> <span class='ocrx_word' id='word_1_6' title='bbox 1267 558 1396 618; x_wconf 89' lang='lat' dir='ltr'>Fol.</span> <span class='ocrx_word' id='word_1_7' title='bbox 1426 567 1565 619; x_wconf 78' lang='lat'><strong>220.</strong></span> <span class='ocrx_word' id='word_1_8' title='bbox 1612 578 1666 615; x_wconf 88' lang='lat' dir='ltr'>a.</span> <span class='ocrx_word' id='word_1_9' title='bbox 1696 555 1941 634; x_wconf 85' lang='lat' dir='ltr'>legitur:</span> <span class='ocrx_word' id='word_1_10' title='bbox 1987 564 2004 588; x_wconf 90' lang='lat'>‘</span> <span class='ocrx_word' id='word_1_11' title='bbox 2027 555 2155 617; x_wconf 88' lang='lat' dir='ltr'>Caii</span> <span class='ocrx_word' id='word_1_12' title='bbox 2180 555 2214 614; x_wconf 84' lang='lat' dir='ltr'>J</span> <span class='ocrx_word' id='word_1_13' title='bbox 2223 553 2322 615; x_wconf 90' lang='lat' dir='ltr'>ulii</span> <span class='ocrx_word' id='word_1_14' title='bbox 2349 552 2599 615; x_wconf 79' lang='lat' dir='ltr'>Caesaris</span> <span class='ocrx_word' id='word_1_15' title='bbox 2627 553 2799 613; x_wconf 88' lang='lat' dir='ltr'>Com-</span> 
     </span>
     <span class='ocr_line' id='line_1_3' title="bbox 674 648 2799 733; baseline -0.005 -14"><span class='ocrx_word' id='word_1_16' title='bbox 674 658 953 721; x_wconf 85' lang='lat' dir='ltr'>mentaria</span> <span class='ocrx_word' id='word_1_17' title='bbox 982 657 1129 716; x_wconf 89' lang='lat' dir='ltr'>Belli</span> <span class='ocrx_word' id='word_1_18' title='bbox 1156 655 1406 716; x_wconf 84' lang='lat' dir='ltr'>Gallici:</span> <span class='ocrx_word' id='word_1_19' title='bbox 1452 655 1683 715; x_wconf 86' lang='lat' dir='ltr'>Ciuilis:</span> <span class='ocrx_word' id='word_1_20' title='bbox 1728 652 2096 733; x_wconf 85' lang='lat' dir='ltr'>Pompeiani:</span> <span class='ocrx_word' id='word_1_21' title='bbox 2131 651 2536 711; x_wconf 81' lang='lat' dir='ltr'>Alexandrini:</span> <span class='ocrx_word' id='word_1_22' title='bbox 2582 648 2799 709; x_wconf 80' lang='lat' dir='ltr'>Africi:</span> 
     </span>
     <span class='ocr_line' id='line_1_4' title="bbox 674 747 2799 836; baseline -0.005 -19"><span class='ocrx_word' id='word_1_23' title='bbox 674 777 745 819; x_wconf 85' lang='lat' dir='ltr'>ac</span> <span class='ocrx_word' id='word_1_24' title='bbox 776 754 1203 836; x_wconf 81' lang='lat' dir='ltr'>Hispaniensis:</span> <span class='ocrx_word' id='word_1_25' title='bbox 1247 753 1681 814; x_wconf 78' lang='lat' dir='ltr'>accuratissime</span> <span class='ocrx_word' id='word_1_26' title='bbox 1724 753 2032 831; x_wconf 87' lang='lat' dir='ltr'>impressa:</span> <span class='ocrx_word' id='word_1_27' title='bbox 2077 750 2361 811; x_wconf 84' lang='lat' dir='ltr'>finiuntur</span> <span class='ocrx_word' id='word_1_28' title='bbox 2388 753 2562 808; x_wconf 83' lang='lat' dir='ltr'>Anno</span> <span class='ocrx_word' id='word_1_29' title='bbox 2600 747 2799 807; x_wconf 86' lang='lat' dir='ltr'>salutis</span> 
     </span>
     <span class='ocr_line' id='line_1_5' title="bbox 675 844 2785 928; baseline -0.005 -14"><span class='ocrx_word' id='word_1_30' title='bbox 675 853 986 915; x_wconf 82' lang='lat' dir='ltr'>dominicae</span> <span class='ocrx_word' id='word_1_31' title='bbox 1037 870 1115 912; x_wconf 77' lang='lat' dir='ltr'>M.</span> <span class='ocrx_word' id='word_1_32' title='bbox 1153 871 1216 913; x_wconf 85' lang='lat' dir='ltr'>n.</span> <span class='ocrx_word' id='word_1_33' title='bbox 1248 870 1380 913; x_wconf 82' lang='lat' dir='ltr'>xn.</span> <span class='ocrx_word' id='word_1_34' title='bbox 1422 851 1507 928; x_wconf 87' lang='lat' dir='ltr'>iij.</span> <span class='ocrx_word' id='word_1_35' title='bbox 1553 850 1851 911; x_wconf 84' lang='lat' dir='ltr'>Kalendas</span> <span class='ocrx_word' id='word_1_36' title='bbox 1902 849 2224 911; x_wconf 71' lang='lat' dir='ltr'>Octobris!</span> <span class='ocrx_word' id='word_1_37' title='bbox 2270 850 2337 906; x_wconf 90' lang='lat' dir='ltr'>ln</span> <span class='ocrx_word' id='word_1_38' title='bbox 2391 847 2507 907; x_wconf 85' lang='lat' dir='ltr'>fine</span> <span class='ocrx_word' id='word_1_39' title='bbox 2568 844 2785 905; x_wconf 86' lang='lat' dir='ltr'>Iudicis</span> 
     </span>
     <span class='ocr_line' id='line_1_6' title="bbox 678 945 2810 1013; baseline -0.005 0"><span class='ocrx_word' id='word_1_40' title='bbox 678 951 976 1013; x_wconf 87' lang='lat' dir='ltr'>Marliani:</span> <span class='ocrx_word' id='word_1_41' title='bbox 1020 957 1038 984; x_wconf 86' lang='lat'>‘</span> <span class='ocrx_word' id='word_1_42' title='bbox 1062 952 1132 1010; x_wconf 91' lang='lat' dir='ltr'>C.</span> <span class='ocrx_word' id='word_1_43' title='bbox 1161 948 1303 1010; x_wconf 86' lang='lat' dir='ltr'>Julii</span> <span class='ocrx_word' id='word_1_44' title='bbox 1331 947 1579 1009; x_wconf 84' lang='lat' dir='ltr'>Caesaris</span> <span class='ocrx_word' id='word_1_45' title='bbox 1608 947 2168 1007; x_wconf 84' lang='lat' dir='ltr'>Commentariorum</span> <span class='ocrx_word' id='word_1_46' title='bbox 2203 945 2389 1006; x_wconf 76' lang='lat' dir='ltr'>Index</span> <span class='ocrx_word' id='word_1_47' title='bbox 2429 945 2654 1004; x_wconf 81' lang='lat' dir='ltr'>felicem</span> <span class='ocrx_word' id='word_1_48' title='bbox 2683 963 2810 1003; x_wconf 83' lang='lat' dir='ltr'>sor·</span> 
     </span>
     <span class='ocr_line' id='line_1_7' title="bbox 678 1042 2805 1120; baseline -0.005 -9"><span class='ocrx_word' id='word_1_49' title='bbox 678 1050 821 1111; x_wconf 84' lang='lat' dir='ltr'>titus</span> <span class='ocrx_word' id='word_1_50' title='bbox 862 1059 954 1109; x_wconf 86' lang='lat' dir='ltr'>est</span> <span class='ocrx_word' id='word_1_51' title='bbox 998 1047 1216 1106; x_wconf 83' lang='lat' dir='ltr'>exitum</span> <span class='ocrx_word' id='word_1_52' title='bbox 1263 1049 1439 1104; x_wconf 86' lang='lat' dir='ltr'>Anno</span> <span class='ocrx_word' id='word_1_53' title='bbox 1469 1044 1705 1105; x_wconf 86' lang='lat' dir='ltr'>Domini</span> <span class='ocrx_word' id='word_1_54' title='bbox 1754 1060 1833 1103; x_wconf 74' lang='lat' dir='ltr'>M.</span> <span class='ocrx_word' id='word_1_55' title='bbox 1867 1061 2099 1105; x_wconf 81' lang='lat' dir='ltr'>cccco.</span> <span class='ocrx_word' id='word_1_56' title='bbox 2129 1050 2189 1103; x_wconf 77' lang='lat' dir='ltr'>et</span> <span class='ocrx_word' id='word_1_57' title='bbox 2215 1060 2351 1103; x_wconf 85' lang='lat' dir='ltr'>x11.</span> <span class='ocrx_word' id='word_1_58' title='bbox 2398 1042 2589 1120; x_wconf 80' lang='lat' dir='ltr'>pridie</span> <span class='ocrx_word' id='word_1_59' title='bbox 2623 1058 2805 1101; x_wconf 78' lang='lat' dir='ltr'>nonas</span> 
     </span>
     <span class='ocr_line' id='line_1_8' title="bbox 677 1140 2803 1227; baseline -0.005 -18"><span class='ocrx_word' id='word_1_60' title='bbox 677 1145 1225 1227; x_wconf 74' lang='lat' dir='ltr'>nouembris.’—lta</span> <span class='ocrx_word' id='word_1_61' title='bbox 1274 1143 1508 1222; x_wconf 87' lang='lat' dir='ltr'>quidem</span> <span class='ocrx_word' id='word_1_62' title='bbox 1559 1143 1712 1202; x_wconf 80' lang='lat' dir='ltr'>hanc</span> <span class='ocrx_word' id='word_1_63' title='bbox 1758 1141 1854 1201; x_wconf 87' lang='lat' dir='ltr'>ed.</span> <span class='ocrx_word' id='word_1_64' title='bbox 1904 1141 2210 1220; x_wconf 82' lang='lat' dir='ltr'>descripsit</span> <span class='ocrx_word' id='word_1_65' title='bbox 2241 1143 2543 1202; x_wconf 84' lang='lat' dir='ltr'>Crevenna</span> <span class='ocrx_word' id='word_1_66' title='bbox 2582 1140 2641 1198; x_wconf 91' lang='lat' dir='ltr'>in</span> <span class='ocrx_word' id='word_1_67' title='bbox 2671 1140 2803 1199; x_wconf 84' lang='lat' dir='ltr'>Cat.</span> 
     </span>
     <span class='ocr_line' id='line_1_9' title="bbox 676 1239 2807 1322; baseline -0.004 -20"><span class='ocrx_word' id='word_1_68' title='bbox 676 1245 815 1306; x_wconf 88' lang='lat' dir='ltr'>Vol.</span> <span class='ocrx_word' id='word_1_69' title='bbox 844 1263 910 1304; x_wconf 90' lang='lat' dir='ltr'>v.</span> <span class='ocrx_word' id='word_1_70' title='bbox 942 1263 1005 1322; x_wconf 88' lang='lat' dir='ltr'>p.</span> <span class='ocrx_word' id='word_1_71' title='bbox 1042 1250 1176 1303; x_wconf 79' lang='lat'>152.</span> <span class='ocrx_word' id='word_1_72' title='bbox 1207 1241 1446 1319; x_wconf 84' lang='lat' dir='ltr'>insuper</span> <span class='ocrx_word' id='word_1_73' title='bbox 1472 1239 1727 1298; x_wconf 80' lang='lat' dir='ltr'>addens:</span> <span class='ocrx_word' id='word_1_74' title='bbox 1775 1240 2004 1317; x_wconf 76' lang='lat' dir='ltr'>‘Apres</span> <span class='ocrx_word' id='word_1_75' title='bbox 2053 1258 2132 1297; x_wconf 88' lang='lat' dir='ltr'>on</span> <span class='ocrx_word' id='word_1_76' title='bbox 2184 1249 2387 1297; x_wconf 80' lang='lat' dir='ltr'>trouve</span> <span class='ocrx_word' id='word_1_77' title='bbox 2434 1255 2647 1296; x_wconf 86' lang='lat' dir='ltr'>encore</span> <span class='ocrx_word' id='word_1_78' title='bbox 2693 1255 2807 1296; x_wconf 88' lang='lat' dir='ltr'>une</span> 
     </span>
     <span class='ocr_line' id='line_1_10' title="bbox 675 1334 2809 1421; baseline -0.005 -19"><span class='ocrx_word' id='word_1_79' title='bbox 675 1342 890 1421; x_wconf 75' lang='lat' dir='ltr'>langue</span> <span class='ocrx_word' id='word_1_80' title='bbox 938 1342 1139 1401; x_wconf 88' lang='lat' dir='ltr'>Lettre</span> <span class='ocrx_word' id='word_1_81' title='bbox 1193 1338 1272 1399; x_wconf 90' lang='lat' dir='ltr'>de</span> <span class='ocrx_word' id='word_1_82' title='bbox 1325 1338 1723 1416; x_wconf 75' lang='lat' dir='ltr'>Hieronymus</span> <span class='ocrx_word' id='word_1_83' title='bbox 1771 1337 2085 1398; x_wconf 70' lang='lat' dir='ltr'>Bononiae</span> <span class='ocrx_word' id='word_1_84' title='bbox 2136 1335 2489 1395; x_wconf 62' lang='lat' dir='ltr'>Tarvisium</span> <span class='ocrx_word' id='word_1_85' title='bbox 2538 1334 2809 1393; x_wconf 70' lang='lat' dir='ltr'>Antonio</span> 
     </span>
    </p>

    <p class='ocr_par' dir='ltr' id='par_1_3' title="bbox 601 1430 2815 2093">
     <span class='ocr_line' id='line_1_11' title="bbox 601 1430 2813 1513; baseline -0.006 -11"><span class='ocrx_word' id='word_1_86' title='bbox 601 1470 606 1477; x_wconf 96' lang='lat'><em>·</em></span> <span class='ocrx_word' id='word_1_87' title='bbox 679 1439 908 1501; x_wconf 70' lang='grc' dir='ltr'><strong><em>Ζοίαιιο</em></strong></span> <span class='ocrx_word' id='word_1_88' title='bbox 933 1438 1226 1497; x_wconf 75' lang='lat' dir='ltr'>vicentino</span> <span class='ocrx_word' id='word_1_89' title='bbox 1273 1435 1500 1496; x_wconf 75' lang='lat' dir='ltr'>clariss.</span> <span class='ocrx_word' id='word_1_90' title='bbox 1539 1436 1833 1513; x_wconf 73' lang='lat' dir='ltr'>praetori&#39;s</span> <span class='ocrx_word' id='word_1_91' title='bbox 1867 1433 2254 1513; x_wconf 64' lang='lat' dir='ltr'>praefectique</span> <span class='ocrx_word' id='word_1_92' title='bbox 2304 1430 2561 1492; x_wconf 57' lang='lat' dir='ltr'>Tar-visit</span> <span class='ocrx_word' id='word_1_93' title='bbox 2579 1430 2813 1508; x_wconf 56' lang='lat' dir='ltr'>Alanis-127⁶</span> 
     </span>
     <span class='ocr_line' id='line_1_12' title="bbox 677 1528 2813 1612; baseline -0.004 -15"><span class='ocrx_word' id='word_1_94' title='bbox 677 1536 1046 1598; x_wconf 66' lang='lat' dir='ltr'>vendi-amini</span> <span class='ocrx_word' id='word_1_95' title='bbox 1073 1535 1263 1593; x_wconf 78' lang='lat' dir='ltr'>veneti</span> <span class='ocrx_word' id='word_1_96' title='bbox 1280 1534 1533 1612; x_wconf 58' lang='lat' dir='ltr'>patricii</span> <span class='ocrx_word' id='word_1_97' title='bbox 1559 1533 1797 1602; x_wconf 78' lang='lat' dir='ltr'>vicario,</span> <span class='ocrx_word' id='word_1_98' title='bbox 1844 1530 1993 1590; x_wconf 87' lang='lat' dir='ltr'>dans</span> <span class='ocrx_word' id='word_1_99' title='bbox 2040 1531 2097 1590; x_wconf 87' lang='lat' dir='ltr'>la</span> <span class='ocrx_word' id='word_1_100' title='bbox 2136 1530 2335 1608; x_wconf 85' lang='lat' dir='ltr'>quelle</span> <span class='ocrx_word' id='word_1_101' title='bbox 2382 1528 2683 1588; x_wconf 84' lang='lat' dir='ltr'>Bononius</span> <span class='ocrx_word' id='word_1_102' title='bbox 2721 1529 2813 1589; x_wconf 89' lang='lat' dir='ltr'>dit</span> 
     </span>
     <span class='ocr_line' id='line_1_13' title="bbox 680 1625 2811 1709; baseline -0.005 -14"><span class='ocrx_word' id='word_1_103' title='bbox 680 1634 900 1695; x_wconf 53' lang='lat' dir='ltr'>&amp;avoir</span> <span class='ocrx_word' id='word_1_104' title='bbox 926 1653 1069 1694; x_wconf 87' lang='lat' dir='ltr'>revu</span> <span class='ocrx_word' id='word_1_105' title='bbox 1095 1639 1157 1691; x_wconf 89' lang='lat' dir='ltr'>et</span> <span class='ocrx_word' id='word_1_106' title='bbox 1183 1631 1408 1709; x_wconf 75' lang='lat' dir='ltr'>corrige</span> <span class='ocrx_word' id='word_1_107' title='bbox 1435 1629 1487 1689; x_wconf 90' lang='lat' dir='ltr'>le</span> <span class='ocrx_word' id='word_1_108' title='bbox 1516 1640 1673 1689; x_wconf 84' lang='lat' dir='ltr'>texte</span> <span class='ocrx_word' id='word_1_109' title='bbox 1721 1629 1797 1689; x_wconf 92' lang='lat' dir='ltr'>de</span> <span class='ocrx_word' id='word_1_110' title='bbox 1845 1638 1998 1689; x_wconf 87' lang='lat' dir='ltr'>cette</span> <span class='ocrx_word' id='word_1_111' title='bbox 2026 1628 2268 1688; x_wconf 73' lang='lat' dir='ltr'>edition.</span> <span class='ocrx_word' id='word_1_112' title='bbox 2352 1628 2511 1686; x_wconf 87' lang='lat' dir='ltr'>C&#39;est</span> <span class='ocrx_word' id='word_1_113' title='bbox 2548 1627 2629 1686; x_wconf 89' lang='lat' dir='ltr'>de</span> <span class='ocrx_word' id='word_1_114' title='bbox 2669 1625 2811 1705; x_wconf 76' lang='lat' dir='ltr'>quoi</span> 
     </span>
     <span class='ocr_line' id='line_1_14' title="bbox 681 1724 2811 1812; baseline -0.003 -21"><span class='ocrx_word' id='word_1_115' title='bbox 681 1734 803 1793; x_wconf 89' lang='lat' dir='ltr'>l’on</span> <span class='ocrx_word' id='word_1_116' title='bbox 827 1730 1093 1812; x_wconf 87' lang='lat' dir='ltr'>poutroit</span> <span class='ocrx_word' id='word_1_117' title='bbox 1120 1729 1492 1807; x_wconf 79' lang='lat' dir='ltr'>conjecturer</span> <span class='ocrx_word' id='word_1_118' title='bbox 1516 1727 1730 1805; x_wconf 78' lang='lat' dir='ltr'>qu’elle</span> <span class='ocrx_word' id='word_1_119' title='bbox 1758 1725 1889 1786; x_wconf 84' lang='lat' dir='ltr'>doit</span> <span class='ocrx_word' id='word_1_120' title='bbox 1914 1726 2076 1786; x_wconf 84' lang='lat' dir='ltr'>avoir</span> <span class='ocrx_word' id='word_1_121' title='bbox 2101 1727 2195 1786; x_wconf 70' lang='lat' dir='ltr'>ete</span> <span class='ocrx_word' id='word_1_122' title='bbox 2222 1725 2503 1785; x_wconf 73' lang='lat' dir='ltr'>execntee</span> <span class='ocrx_word' id='word_1_123' title='bbox 2528 1745 2600 1785; x_wconf 91' lang='lat' dir='ltr'>en</span> <span class='ocrx_word' id='word_1_124' title='bbox 2625 1724 2811 1795; x_wconf 77' lang='lat' dir='ltr'>italie,</span> 
     </span>
     <span class='ocr_line' id='line_1_15' title="bbox 678 1822 2815 1908; baseline -0.004 -17"><span class='ocrx_word' id='word_1_125' title='bbox 678 1840 742 1905; x_wconf 84' lang='lat' dir='ltr'>et</span> <span class='ocrx_word' id='word_1_126' title='bbox 767 1833 1030 1908; x_wconf 69' lang='lat' dir='ltr'>pentetre</span> <span class='ocrx_word' id='word_1_127' title='bbox 1059 1827 1095 1885; x_wconf 76' lang='lat' dir='ltr'>a</span> <span class='ocrx_word' id='word_1_128' title='bbox 1119 1826 1386 1896; x_wconf 63' lang='lat' dir='ltr'>Trexise,</span> <span class='ocrx_word' id='word_1_129' title='bbox 1425 1844 1503 1883; x_wconf 87' lang='lat' dir='ltr'>on</span> <span class='ocrx_word' id='word_1_130' title='bbox 1532 1824 1570 1883; x_wconf 78' lang='lat' dir='ltr'>a</span> <span class='ocrx_word' id='word_1_131' title='bbox 1597 1822 2149 1883; x_wconf 84' lang='lat' dir='ltr'>Venise.&#39;-Mirum</span> <span class='ocrx_word' id='word_1_132' title='bbox 2179 1843 2335 1894; x_wconf 83' lang='lat' dir='ltr'>vero,</span> <span class='ocrx_word' id='word_1_133' title='bbox 2367 1822 2617 1881; x_wconf 86' lang='lat' dir='ltr'>Bononii</span> <span class='ocrx_word' id='word_1_134' title='bbox 2643 1823 2815 1902; x_wconf 83' lang='lat' dir='ltr'>Epis-</span> 
     </span>
     <span class='ocr_line' id='line_1_16' title="bbox 683 1919 2815 2003; baseline -0.003 -17"><span class='ocrx_word' id='word_1_135' title='bbox 683 1927 860 1986; x_wconf 86' lang='lat' dir='ltr'>tolam</span> <span class='ocrx_word' id='word_1_136' title='bbox 891 1923 1379 2003; x_wconf 79' lang='lat' dir='ltr'>nuncupatoriam</span> <span class='ocrx_word' id='word_1_137' title='bbox 1409 1921 1707 2001; x_wconf 83' lang='lat' dir='ltr'>adjectam</span> <span class='ocrx_word' id='word_1_138' title='bbox 1737 1939 1863 1979; x_wconf 88' lang='lat' dir='ltr'>esse</span> <span class='ocrx_word' id='word_1_139' title='bbox 1894 1919 2029 1980; x_wconf 88' lang='lat' dir='ltr'>huic</span> <span class='ocrx_word' id='word_1_140' title='bbox 2056 1919 2319 1992; x_wconf 80' lang='lat' dir='ltr'>editioni,</span> <span class='ocrx_word' id='word_1_141' title='bbox 2339 1940 2496 1998; x_wconf 82' lang='lat' dir='ltr'>quae,</span> <span class='ocrx_word' id='word_1_142' title='bbox 2519 1930 2587 1980; x_wconf 88' lang='lat' dir='ltr'>ut</span> <span class='ocrx_word' id='word_1_143' title='bbox 2613 1920 2815 1979; x_wconf 82' lang='lat' dir='ltr'>titulus</span> 
     </span>
     <span class='ocr_line' id='line_1_17' title="bbox 679 2016 1911 2093; baseline -0.007 -9"><span class='ocrx_word' id='word_1_144' title='bbox 679 2023 919 2093; x_wconf 88' lang='lat' dir='ltr'>indicat,</span> <span class='ocrx_word' id='word_1_145' title='bbox 951 2043 1024 2081; x_wconf 83' lang='lat' dir='ltr'>ex</span> <span class='ocrx_word' id='word_1_146' title='bbox 1052 2020 1266 2080; x_wconf 85' lang='lat' dir='ltr'>familia</span> <span class='ocrx_word' id='word_1_147' title='bbox 1291 2027 1381 2079; x_wconf 86' lang='lat' dir='ltr'>est</span> <span class='ocrx_word' id='word_1_148' title='bbox 1408 2016 1911 2078; x_wconf 88' lang='lat' dir='ltr'>Beroaldinarum.</span> 
     </span>
    </p>

    <p class='ocr_par' dir='ltr' id='par_1_4' title="bbox 607 2113 2827 3462">
     <span class='ocr_line' id='line_1_18' title="bbox 607 2113 2819 2183; baseline -0.004 -2"><span class='ocrx_word' id='word_1_149' title='bbox 607 2127 759 2183; x_wconf 78' lang='lat'>1513</span> <span class='ocrx_word' id='word_1_150' title='bbox 802 2118 1019 2180; x_wconf 81' lang='lat' dir='ltr'>Aldina</span> <span class='ocrx_word' id='word_1_151' title='bbox 1050 2134 1098 2177; x_wconf 90' lang='lat'>1.</span> <span class='ocrx_word' id='word_1_152' title='bbox 1131 2126 1188 2177; x_wconf 87' lang='lat'>8.</span> <span class='ocrx_word' id='word_1_153' title='bbox 1235 2117 1369 2176; x_wconf 88' lang='lat' dir='ltr'>Hoc</span> <span class='ocrx_word' id='word_1_154' title='bbox 1412 2114 1707 2174; x_wconf 80' lang='lat' dir='ltr'>volumine</span> <span class='ocrx_word' id='word_1_155' title='bbox 1747 2113 2124 2173; x_wconf 85' lang='lat' dir='ltr'>continentur</span> <span class='ocrx_word' id='word_1_156' title='bbox 2150 2113 2309 2175; x_wconf 82' lang='lat' dir='ltr'>haec:</span> <span class='ocrx_word' id='word_1_157' title='bbox 2352 2114 2819 2175; x_wconf 86' lang='lat' dir='ltr'>Commentario-</span> 
     </span>
     <span class='ocr_line' id='line_1_19' title="bbox 683 2209 2817 2290; baseline -0.002 -13"><span class='ocrx_word' id='word_1_158' title='bbox 683 2236 814 2277; x_wconf 89' lang='lat' dir='ltr'>rum</span> <span class='ocrx_word' id='word_1_159' title='bbox 843 2214 920 2275; x_wconf 89' lang='lat' dir='ltr'>de</span> <span class='ocrx_word' id='word_1_160' title='bbox 951 2213 1105 2274; x_wconf 90' lang='lat' dir='ltr'>bello</span> <span class='ocrx_word' id='word_1_161' title='bbox 1129 2212 1366 2272; x_wconf 90' lang='lat' dir='ltr'>Gallico</span> <span class='ocrx_word' id='word_1_162' title='bbox 1393 2211 1525 2270; x_wconf 89' lang='lat' dir='ltr'>libri</span> <span class='ocrx_word' id='word_1_163' title='bbox 1546 2226 1705 2271; x_wconf 82' lang='lat' dir='ltr'><strong>vul.</strong></span> <span class='ocrx_word' id='word_1_164' title='bbox 1737 2209 1812 2269; x_wconf 89' lang='lat' dir='ltr'>de</span> <span class='ocrx_word' id='word_1_165' title='bbox 1836 2209 1988 2269; x_wconf 87' lang='lat' dir='ltr'>bello</span> <span class='ocrx_word' id='word_1_166' title='bbox 2010 2210 2164 2269; x_wconf 85' lang='lat' dir='ltr'>ciuili</span> <span class='ocrx_word' id='word_1_167' title='bbox 2180 2212 2539 2290; x_wconf 88' lang='lat' dir='ltr'>Pompeiano</span> <span class='ocrx_word' id='word_1_168' title='bbox 2566 2213 2700 2275; x_wconf 85' lang='lat' dir='ltr'>libri</span> <span class='ocrx_word' id='word_1_169' title='bbox 2722 2230 2817 2273; x_wconf 71' lang='lat' dir='ltr'>lv·</span> 
     </span>
     <span class='ocr_line' id='line_1_20' title="bbox 686 2294 2819 2390; baseline -0.002 -18"><span class='ocrx_word' id='word_1_170' title='bbox 686 2312 763 2373; x_wconf 90' lang='lat' dir='ltr'>de</span> <span class='ocrx_word' id='word_1_171' title='bbox 806 2308 960 2390; x_wconf 83' lang='lat' dir='ltr'>bello</span> <span class='ocrx_word' id='word_1_172' title='bbox 1002 2308 1398 2370; x_wconf 73' lang='lat' dir='ltr'>Alexandrino</span> <span class='ocrx_word' id='word_1_173' title='bbox 1438 2306 1588 2366; x_wconf 88' lang='lat' dir='ltr'>liber</span> <span class='ocrx_word' id='word_1_174' title='bbox 1616 2323 1664 2367; x_wconf 90' lang='lat'>1.</span> <span class='ocrx_word' id='word_1_175' title='bbox 1693 2306 1770 2365; x_wconf 90' lang='lat' dir='ltr'>de</span> <span class='ocrx_word' id='word_1_176' title='bbox 1800 2294 1957 2366; x_wconf 86' lang='lat' dir='ltr'>bello</span> <span class='ocrx_word' id='word_1_177' title='bbox 1984 2306 2266 2368; x_wconf 82' lang='lat' dir='ltr'>Africano</span> <span class='ocrx_word' id='word_1_178' title='bbox 2294 2308 2439 2369; x_wconf 85' lang='lat' dir='ltr'>liber</span> <span class='ocrx_word' id='word_1_179' title='bbox 2466 2326 2517 2368; x_wconf 87' lang='lat'>1.</span> <span class='ocrx_word' id='word_1_180' title='bbox 2558 2310 2635 2369; x_wconf 92' lang='lat' dir='ltr'>de</span> <span class='ocrx_word' id='word_1_181' title='bbox 2662 2309 2819 2370; x_wconf 85' lang='lat' dir='ltr'>bello</span> 
     </span>
     <span class='ocr_line' id='line_1_21' title="bbox 688 2404 2821 2488; baseline 0 -20"><span class='ocrx_word' id='word_1_182' title='bbox 688 2407 1057 2488; x_wconf 80' lang='lat' dir='ltr'>Hispaniensi</span> <span class='ocrx_word' id='word_1_183' title='bbox 1087 2406 1231 2466; x_wconf 86' lang='lat' dir='ltr'>liber</span> <span class='ocrx_word' id='word_1_184' title='bbox 1260 2421 1308 2465; x_wconf 86' lang='lat'>1.</span> <span class='ocrx_word' id='word_1_185' title='bbox 1355 2404 1593 2464; x_wconf 86' lang='lat' dir='ltr'>Pictura</span> <span class='ocrx_word' id='word_1_186' title='bbox 1641 2404 1818 2465; x_wconf 90' lang='lat' dir='ltr'>totius</span> <span class='ocrx_word' id='word_1_187' title='bbox 1860 2404 2099 2476; x_wconf 77' lang='lat' dir='ltr'>Galliae,</span> <span class='ocrx_word' id='word_1_188' title='bbox 2127 2405 2329 2466; x_wconf 82' lang='lat' dir='ltr'>diuisae</span> <span class='ocrx_word' id='word_1_189' title='bbox 2374 2406 2432 2465; x_wconf 91' lang='lat' dir='ltr'>in</span> <span class='ocrx_word' id='word_1_190' title='bbox 2462 2417 2657 2485; x_wconf 85' lang='lat' dir='ltr'>partes</span> <span class='ocrx_word' id='word_1_191' title='bbox 2685 2406 2821 2468; x_wconf 83' lang='lat' dir='ltr'>treis</span> 
     </span>
     <span class='ocr_line' id='line_1_22' title="bbox 684 2502 2821 2568; baseline 0 -1"><span class='ocrx_word' id='word_1_192' title='bbox 684 2504 1002 2568; x_wconf 79' lang='lat' dir='ltr'>secundum</span> <span class='ocrx_word' id='word_1_193' title='bbox 1031 2506 1104 2566; x_wconf 88' lang='lat' dir='ltr'>C.</span> <span class='ocrx_word' id='word_1_194' title='bbox 1135 2503 1382 2565; x_wconf 86' lang='lat' dir='ltr'>Caesaris</span> <span class='ocrx_word' id='word_1_195' title='bbox 1412 2502 1887 2565; x_wconf 86' lang='lat' dir='ltr'>commentarios.</span> <span class='ocrx_word' id='word_1_196' title='bbox 1973 2504 2227 2565; x_wconf 85' lang='lat' dir='ltr'>Nomina</span> <span class='ocrx_word' id='word_1_197' title='bbox 2266 2505 2530 2566; x_wconf 88' lang='lat' dir='ltr'>locorum</span> <span class='ocrx_word' id='word_1_198' title='bbox 2560 2506 2821 2567; x_wconf 84' lang='lat' dir='ltr'>urbium·</span> 
     </span>
     <span class='ocr_line' id='line_1_23' title="bbox 686 2602 2817 2683; baseline 0 -19"><span class='ocrx_word' id='word_1_199' title='bbox 686 2625 801 2683; x_wconf 86' lang='lat' dir='ltr'>que</span> <span class='ocrx_word' id='word_1_200' title='bbox 848 2612 910 2664; x_wconf 91' lang='lat' dir='ltr'>et</span> <span class='ocrx_word' id='word_1_201' title='bbox 959 2602 1311 2683; x_wconf 89' lang='lat' dir='ltr'>populorum</span> <span class='ocrx_word' id='word_1_202' title='bbox 1362 2602 1594 2674; x_wconf 85' lang='lat' dir='ltr'>Galliae,</span> <span class='ocrx_word' id='word_1_203' title='bbox 1646 2613 1709 2662; x_wconf 92' lang='lat' dir='ltr'>ut</span> <span class='ocrx_word' id='word_1_204' title='bbox 1755 2603 1890 2662; x_wconf 88' lang='lat' dir='ltr'>olim</span> <span class='ocrx_word' id='word_1_205' title='bbox 1944 2602 2289 2664; x_wconf 82' lang='lat' dir='ltr'>dicebantur</span> <span class='ocrx_word' id='word_1_206' title='bbox 2339 2605 2521 2665; x_wconf 88' lang='lat' dir='ltr'>latine</span> <span class='ocrx_word' id='word_1_207' title='bbox 2561 2615 2622 2665; x_wconf 89' lang='lat' dir='ltr'>et</span> <span class='ocrx_word' id='word_1_208' title='bbox 2660 2623 2817 2666; x_wconf 76' lang='lat' dir='ltr'>nnnc</span> 
     </span>
     <span class='ocr_line' id='line_1_24' title="bbox 687 2700 2821 2783; baseline 0.002 -22"><span class='ocrx_word' id='word_1_209' title='bbox 687 2702 966 2764; x_wconf 74' lang='lat' dir='ltr'>dicuntur</span> <span class='ocrx_word' id='word_1_210' title='bbox 991 2701 1221 2779; x_wconf 83' lang='lat' dir='ltr'>gallice,</span> <span class='ocrx_word' id='word_1_211' title='bbox 1253 2700 1579 2760; x_wconf 86' lang='lat' dir='ltr'>secundum</span> <span class='ocrx_word' id='word_1_212' title='bbox 1610 2700 1868 2760; x_wconf 87' lang='lat' dir='ltr'>ordinem</span> <span class='ocrx_word' id='word_1_213' title='bbox 1912 2700 2238 2779; x_wconf 76' lang='lat' dir='ltr'>alphabeti.</span> <span class='ocrx_word' id='word_1_214' title='bbox 2344 2703 2585 2764; x_wconf 85' lang='lat' dir='ltr'>Pictura</span> <span class='ocrx_word' id='word_1_215' title='bbox 2622 2706 2821 2783; x_wconf 81' lang='lat' dir='ltr'>pontis</span> 
     </span>
     <span class='ocr_line' id='line_1_25' title="bbox 685 2796 2821 2882; baseline 0.001 -23"><span class='ocrx_word' id='word_1_216' title='bbox 685 2800 740 2859; x_wconf 88' lang='lat' dir='ltr'>in</span> <span class='ocrx_word' id='word_1_217' title='bbox 772 2800 999 2871; x_wconf 86' lang='lat' dir='ltr'>Rheno,</span> <span class='ocrx_word' id='word_1_218' title='bbox 1029 2798 1168 2858; x_wconf 89' lang='lat' dir='ltr'>item</span> <span class='ocrx_word' id='word_1_219' title='bbox 1197 2797 1456 2868; x_wconf 82' lang='lat' dir='ltr'>Auarici,</span> <span class='ocrx_word' id='word_1_220' title='bbox 1505 2796 1749 2882; x_wconf 67' lang='lat' dir='ltr'>Alesiae,</span> <span class='ocrx_word' id='word_1_221' title='bbox 1797 2797 2179 2870; x_wconf 79' lang='lat' dir='ltr'>Uxelloduni,</span> <span class='ocrx_word' id='word_1_222' title='bbox 2228 2800 2523 2860; x_wconf 63' lang='lat' dir='ltr'>Massilia.</span> <span class='ocrx_word' id='word_1_223' title='bbox 2610 2802 2821 2862; x_wconf 78' lang='lat' dir='ltr'>Literae</span> 
     </span>
     <span class='ocr_line' id='line_1_26' title="bbox 684 2892 2823 2978; baseline 0.002 -22"><span class='ocrx_word' id='word_1_224' title='bbox 684 2897 853 2956; x_wconf 76' lang='lat' dir='ltr'>Max.</span> <span class='ocrx_word' id='word_1_225' title='bbox 896 2892 1277 2964; x_wconf 85' lang='lat' dir='ltr'>Pontificum,</span> <span class='ocrx_word' id='word_1_226' title='bbox 1308 2913 1381 2953; x_wconf 92' lang='lat' dir='ltr'>ne</span> <span class='ocrx_word' id='word_1_227' title='bbox 1425 2894 1555 2972; x_wconf 90' lang='lat' dir='ltr'>quis</span> <span class='ocrx_word' id='word_1_228' title='bbox 1606 2893 1784 2952; x_wconf 89' lang='lat' dir='ltr'>libros</span> <span class='ocrx_word' id='word_1_229' title='bbox 1834 2913 1977 2953; x_wconf 89' lang='lat' dir='ltr'>cura</span> <span class='ocrx_word' id='word_1_230' title='bbox 2020 2906 2221 2954; x_wconf 85' lang='lat' dir='ltr'>nostra</span> <span class='ocrx_word' id='word_1_231' title='bbox 2247 2916 2501 2957; x_wconf 78' lang='lat' dir='ltr'>excusos</span> <span class='ocrx_word' id='word_1_232' title='bbox 2528 2900 2823 2978; x_wconf 79' lang='lat' dir='ltr'>imprimat</span> 
     </span>
     <span class='ocr_line' id='line_1_27' title="bbox 661 2990 2822 3070; baseline 0.001 -14"><span class='ocrx_word' id='word_1_233' title='bbox 661 2992 999 3062; x_wconf 84' lang='lat' dir='ltr'>.vendatve,</span> <span class='ocrx_word' id='word_1_234' title='bbox 1029 2996 1146 3050; x_wconf 69' lang='grc' dir='ltr'>δερ.</span> <span class='ocrx_word' id='word_1_235' title='bbox 1193 3000 1262 3052; x_wconf 92' lang='lat' dir='ltr'>nt</span> <span class='ocrx_word' id='word_1_236' title='bbox 1310 2990 1367 3049; x_wconf 90' lang='lat' dir='ltr'>in</span> <span class='ocrx_word' id='word_1_237' title='bbox 1418 2991 1593 3051; x_wconf 89' lang='lat' dir='ltr'>literis</span> <span class='ocrx_word' id='word_1_238' title='bbox 1646 2991 1757 3050; x_wconf 87' lang='lat' dir='ltr'>sub</span> <span class='ocrx_word' id='word_1_239' title='bbox 1806 3011 1981 3070; x_wconf 85' lang='lat' dir='ltr'>poena</span> <span class='ocrx_word' id='word_1_240' title='bbox 2027 2996 2651 3056; x_wconf 77' lang='lat' dir='ltr'>excommunicationis</span> <span class='ocrx_word' id='word_1_241' title='bbox 2702 2997 2822 3059; x_wconf 78' lang='lat' dir='ltr'>lata</span> 
     </span>
     <span class='ocr_line' id='line_1_28' title="bbox 689 3087 2819 3156; baseline 0.003 -8"><span class='ocrx_word' id='word_1_242' title='bbox 689 3087 998 3149; x_wconf 86' lang='lat' dir='ltr'>sententia.</span> <span class='ocrx_word' id='word_1_243' title='bbox 1085 3088 1339 3148; x_wconf 87' lang='lat' dir='ltr'>Venetiis</span> <span class='ocrx_word' id='word_1_244' title='bbox 1393 3088 1451 3147; x_wconf 91' lang='lat' dir='ltr'>in</span> <span class='ocrx_word' id='word_1_245' title='bbox 1501 3089 1726 3148; x_wconf 86' lang='lat' dir='ltr'>aedibus</span> <span class='ocrx_word' id='word_1_246' title='bbox 1783 3089 1924 3149; x_wconf 86' lang='lat' dir='ltr'>Aldi</span> <span class='ocrx_word' id='word_1_247' title='bbox 1977 3099 2038 3149; x_wconf 90' lang='lat' dir='ltr'>et</span> <span class='ocrx_word' id='word_1_248' title='bbox 2090 3091 2343 3152; x_wconf 72' lang='lat' dir='ltr'>Andreae</span> <span class='ocrx_word' id='word_1_249' title='bbox 2392 3094 2601 3153; x_wconf 85' lang='lat' dir='ltr'>Soceri</span> <span class='ocrx_word' id='word_1_250' title='bbox 2646 3103 2819 3156; x_wconf 86' lang='lat'>1513.</span> 
     </span>
     <span class='ocr_line' id='line_1_29' title="bbox 667 3184 2826 3267; baseline 0.004 -23"><span class='ocrx_word' id='word_1_251' title='bbox 667 3204 884 3245; x_wconf 57' lang='lat' dir='ltr'>umense</span> <span class='ocrx_word' id='word_1_252' title='bbox 912 3184 1399 3263; x_wconf 86' lang='lat' dir='ltr'>Aprili.—Editio</span> <span class='ocrx_word' id='word_1_253' title='bbox 1429 3185 1558 3246; x_wconf 83' lang='lat' dir='ltr'>haec</span> <span class='ocrx_word' id='word_1_254' title='bbox 1588 3195 1793 3246; x_wconf 86' lang='lat' dir='ltr'>curata</span> <span class='ocrx_word' id='word_1_255' title='bbox 1833 3195 1920 3247; x_wconf 89' lang='lat' dir='ltr'>est</span> <span class='ocrx_word' id='word_1_256' title='bbox 1966 3207 2002 3248; x_wconf 84' lang='lat' dir='ltr'>a</span> <span class='ocrx_word' id='word_1_257' title='bbox 2047 3189 2144 3249; x_wconf 83' lang='lat' dir='ltr'>Jo.</span> <span class='ocrx_word' id='word_1_258' title='bbox 2174 3189 2447 3250; x_wconf 84' lang='lat' dir='ltr'>Jocondo</span> <span class='ocrx_word' id='word_1_259' title='bbox 2470 3192 2826 3267; x_wconf 76' lang='lat' dir='ltr'>(Giocondi)</span> 
     </span>
     <span class='ocr_line' id='line_1_30' title="bbox 693 3281 2826 3368; baseline 0.005 -30"><span class='ocrx_word' id='word_1_260' title='bbox 693 3281 1029 3351; x_wconf 73' lang='lat' dir='ltr'>Veronensi,</span> <span class='ocrx_word' id='word_1_261' title='bbox 1062 3301 1134 3340; x_wconf 84' lang='lat' dir='ltr'>ex</span> <span class='ocrx_word' id='word_1_262' title='bbox 1157 3281 1285 3340; x_wconf 91' lang='lat' dir='ltr'>ord.</span> <span class='ocrx_word' id='word_1_263' title='bbox 1321 3283 1861 3354; x_wconf 83' lang='lat' dir='ltr'>Dominicanorum,</span> <span class='ocrx_word' id='word_1_264' title='bbox 1892 3284 2071 3362; x_wconf 90' lang='lat' dir='ltr'>quiin</span> <span class='ocrx_word' id='word_1_265' title='bbox 2095 3284 2292 3345; x_wconf 88' lang='lat' dir='ltr'>Gallia</span> <span class='ocrx_word' id='word_1_266' title='bbox 2314 3286 2503 3346; x_wconf 87' lang='lat' dir='ltr'>multa</span> <span class='ocrx_word' id='word_1_267' title='bbox 2527 3290 2826 3368; x_wconf 75' lang='lat' dir='ltr'>exampla-</span> 
     </span>
     <span class='ocr_line' id='line_1_31' title="bbox 691 3376 2827 3462; baseline 0.005 -25"><span class='ocrx_word' id='word_1_268' title='bbox 691 3379 777 3438; x_wconf 88' lang='lat' dir='ltr'>ria</span> <span class='ocrx_word' id='word_1_269' title='bbox 801 3376 1178 3454; x_wconf 83' lang='lat' dir='ltr'>conquisivit,</span> <span class='ocrx_word' id='word_1_270' title='bbox 1208 3388 1267 3439; x_wconf 86' lang='lat' dir='ltr'>et</span> <span class='ocrx_word' id='word_1_271' title='bbox 1295 3378 1656 3438; x_wconf 87' lang='lat' dir='ltr'>eruditorum</span> <span class='ocrx_word' id='word_1_272' title='bbox 1685 3379 1937 3458; x_wconf 86' lang='lat' dir='ltr'>plurium</span> <span class='ocrx_word' id='word_1_273' title='bbox 1970 3383 2322 3441; x_wconf 87' lang='lat' dir='ltr'>Venetorum</span> <span class='ocrx_word' id='word_1_274' title='bbox 2364 3384 2605 3462; x_wconf 82' lang='lat' dir='ltr'>ingeniis</span> <span class='ocrx_word' id='word_1_275' title='bbox 2630 3386 2827 3446; x_wconf 76' lang='lat' dir='ltr'>omnia</span> 
     </span>
    </p>
   </div>
   <div class='ocr_carea' id='block_1_3' title="bbox 690 3473 2822 3636">
    <p class='ocr_par' dir='ltr' id='par_1_5' title="bbox 690 3473 2822 3636">
     <span class='ocr_line' id='line_1_32' title="bbox 691 3473 2822 3558; baseline 0.004 -26"><span class='ocrx_word' id='word_1_276' title='bbox 691 3473 947 3554; x_wconf 82' lang='lat' dir='ltr'>subjecit</span> <span class='ocrx_word' id='word_1_277' title='bbox 966 3474 1314 3552; x_wconf 86' lang='lat' dir='ltr'>judicanda,</span> <span class='ocrx_word' id='word_1_278' title='bbox 1345 3485 1410 3534; x_wconf 88' lang='lat' dir='ltr'>ut</span> <span class='ocrx_word' id='word_1_279' title='bbox 1440 3477 1562 3553; x_wconf 86' lang='lat' dir='ltr'>ipse</span> <span class='ocrx_word' id='word_1_280' title='bbox 1594 3475 1907 3558; x_wconf 84' lang='lat' dir='ltr'>profitetur</span> <span class='ocrx_word' id='word_1_281' title='bbox 1941 3476 1999 3535; x_wconf 89' lang='lat' dir='ltr'>in</span> <span class='ocrx_word' id='word_1_282' title='bbox 2048 3477 2239 3555; x_wconf 87' lang='lat' dir='ltr'>Epist.</span> <span class='ocrx_word' id='word_1_283' title='bbox 2271 3480 2345 3539; x_wconf 91' lang='lat' dir='ltr'>ad</span> <span class='ocrx_word' id='word_1_284' title='bbox 2375 3479 2597 3541; x_wconf 86' lang='lat' dir='ltr'>Julian.</span> <span class='ocrx_word' id='word_1_285' title='bbox 2632 3482 2822 3543; x_wconf 85' lang='lat' dir='ltr'>Medi·</span> 
     </span>
     <span class='ocr_line' id='line_1_33' title="bbox 690 3571 1515 3636; baseline -0.002 -4"><span class='ocrx_word' id='word_1_286' title='bbox 690 3592 843 3633; x_wconf 89' lang='lat' dir='ltr'>cem.</span> <span class='ocrx_word' id='word_1_287' title='bbox 888 3571 1120 3636; x_wconf 85' lang='lat' dir='ltr'>Mendis</span> <span class='ocrx_word' id='word_1_288' title='bbox 1150 3591 1285 3634; x_wconf 86' lang='lat' dir='ltr'>vero</span> <span class='ocrx_word' id='word_1_289' title='bbox 1313 3583 1515 3631; x_wconf 81' lang='lat' dir='ltr'>scatet.</span> 
     </span>
    </p>
   </div>
   <div class='ocr_carea' id='block_1_4' title="bbox 617 3667 2827 4341">
    <p class='ocr_par' dir='ltr' id='par_1_6' title="bbox 617 3667 2827 4341">
     <span class='ocr_line' id='line_1_34' title="bbox 617 3667 2821 3750; baseline 0.003 -20"><span class='ocrx_word' id='word_1_290' title='bbox 617 3678 770 3736; x_wconf 78' lang='lat'>1514</span> <span class='ocrx_word' id='word_1_291' title='bbox 810 3668 1048 3731; x_wconf 87' lang='lat' dir='ltr'>Juntina</span> <span class='ocrx_word' id='word_1_292' title='bbox 1082 3685 1160 3730; x_wconf 91' lang='lat'>11.</span> <span class='ocrx_word' id='word_1_293' title='bbox 1194 3678 1249 3729; x_wconf 86' lang='lat'>8.</span> <span class='ocrx_word' id='word_1_294' title='bbox 1296 3667 1733 3728; x_wconf 84' lang='lat' dir='ltr'>Commentaria</span> <span class='ocrx_word' id='word_1_295' title='bbox 1782 3669 2047 3741; x_wconf 82' lang='lat' dir='ltr'>Caesaris,</span> <span class='ocrx_word' id='word_1_296' title='bbox 2092 3672 2254 3750; x_wconf 88' lang='lat' dir='ltr'>prius</span> <span class='ocrx_word' id='word_1_297' title='bbox 2301 3691 2339 3731; x_wconf 88' lang='lat' dir='ltr'>a</span> <span class='ocrx_word' id='word_1_298' title='bbox 2378 3674 2667 3736; x_wconf 84' lang='lat' dir='ltr'>Jocundo</span> <span class='ocrx_word' id='word_1_299' title='bbox 2710 3678 2821 3736; x_wconf 88' lang='lat' dir='ltr'>im-</span> 
     </span>
     <span class='ocr_line' id='line_1_35' title="bbox 687 3765 2816 3845; baseline 0.004 -19"><span class='ocrx_word' id='word_1_300' title='bbox 687 3766 975 3845; x_wconf 84' lang='lat' dir='ltr'>pressioni</span> <span class='ocrx_word' id='word_1_301' title='bbox 1002 3766 1158 3838; x_wconf 89' lang='lat' dir='ltr'>data,</span> <span class='ocrx_word' id='word_1_302' title='bbox 1211 3766 1502 3844; x_wconf 87' lang='lat' dir='ltr'>posterius</span> <span class='ocrx_word' id='word_1_303' title='bbox 1541 3785 1576 3824; x_wconf 89' lang='lat' dir='ltr'>a</span> <span class='ocrx_word' id='word_1_304' title='bbox 1626 3765 1793 3824; x_wconf 88' lang='lat' dir='ltr'>uobis</span> <span class='ocrx_word' id='word_1_305' title='bbox 1845 3765 2276 3844; x_wconf 74' lang='lat' dir='ltr'>diligentissime</span> <span class='ocrx_word' id='word_1_306' title='bbox 2329 3770 2534 3845; x_wconf 84' lang='lat' dir='ltr'>revisa,</span> <span class='ocrx_word' id='word_1_307' title='bbox 2580 3784 2639 3831; x_wconf 92' lang='lat' dir='ltr'>et</span> <span class='ocrx_word' id='word_1_308' title='bbox 2682 3795 2816 3834; x_wconf 87' lang='lat' dir='ltr'>cum</span> 
     </span>
     <span class='ocr_line' id='line_1_36' title="bbox 689 3862 2824 3950; baseline 0.004 -27"><span class='ocrx_word' id='word_1_309' title='bbox 689 3862 1117 3941; x_wconf 68' lang='lat' dir='ltr'>exemplaribus</span> <span class='ocrx_word' id='word_1_310' title='bbox 1143 3862 1405 3939; x_wconf 78' lang='lat' dir='ltr'>ejusdem</span> <span class='ocrx_word' id='word_1_311' title='bbox 1436 3864 1674 3934; x_wconf 87' lang='lat' dir='ltr'>collata,</span> <span class='ocrx_word' id='word_1_312' title='bbox 1727 3863 2009 3924; x_wconf 85' lang='lat' dir='ltr'>restitutis</span> <span class='ocrx_word' id='word_1_313' title='bbox 2038 3866 2309 3926; x_wconf 88' lang='lat' dir='ltr'>omnibus</span> <span class='ocrx_word' id='word_1_314' title='bbox 2356 3867 2520 3936; x_wconf 79' lang='lat' dir='ltr'>locis,</span> <span class='ocrx_word' id='word_1_315' title='bbox 2551 3889 2688 3948; x_wconf 65' lang='lat' dir='ltr'>quas</span> <span class='ocrx_word' id='word_1_316' title='bbox 2715 3891 2824 3950; x_wconf 89' lang='lat' dir='ltr'>per</span> 
     </span>
     <span class='ocr_line' id='line_1_37' title="bbox 691 3959 2819 4039; baseline 0.004 -20"><span class='ocrx_word' id='word_1_317' title='bbox 691 3959 965 4020; x_wconf 86' lang='lat' dir='ltr'>incuriam</span> <span class='ocrx_word' id='word_1_318' title='bbox 994 3960 1071 4019; x_wconf 86' lang='lat' dir='ltr'>ab</span> <span class='ocrx_word' id='word_1_319' title='bbox 1100 3960 1188 4030; x_wconf 84' lang='lat' dir='ltr'>iis,</span> <span class='ocrx_word' id='word_1_320' title='bbox 1232 3960 1335 4039; x_wconf 88' lang='lat' dir='ltr'>qui</span> <span class='ocrx_word' id='word_1_321' title='bbox 1361 3980 1430 4019; x_wconf 89' lang='lat' dir='ltr'>ea</span> <span class='ocrx_word' id='word_1_322' title='bbox 1458 3961 1824 4039; x_wconf 88' lang='lat' dir='ltr'>impressere,</span> <span class='ocrx_word' id='word_1_323' title='bbox 1858 3962 1947 4020; x_wconf 85' lang='lat' dir='ltr'>vel</span> <span class='ocrx_word' id='word_1_324' title='bbox 1975 3962 2196 4035; x_wconf 88' lang='lat' dir='ltr'>relicta,</span> <span class='ocrx_word' id='word_1_325' title='bbox 2228 3964 2320 4023; x_wconf 85' lang='lat' dir='ltr'>vel</span> <span class='ocrx_word' id='word_1_326' title='bbox 2347 3975 2539 4024; x_wconf 86' lang='lat' dir='ltr'>errata</span> <span class='ocrx_word' id='word_1_327' title='bbox 2565 3967 2819 4030; x_wconf 84' lang='lat' dir='ltr'>fuerunt.</span> 
     </span>
     <span class='ocr_line' id='line_1_38' title="bbox 690 4056 2827 4138; baseline 0.005 -24"><span class='ocrx_word' id='word_1_328' title='bbox 690 4058 842 4115; x_wconf 90' lang='lat' dir='ltr'>—ln</span> <span class='ocrx_word' id='word_1_329' title='bbox 868 4056 959 4115; x_wconf 89' lang='lat' dir='ltr'>his</span> <span class='ocrx_word' id='word_1_330' title='bbox 988 4067 1181 4116; x_wconf 84' lang='lat' dir='ltr'>autem</span> <span class='ocrx_word' id='word_1_331' title='bbox 1210 4059 1654 4118; x_wconf 84' lang='lat' dir='ltr'>Commentariis</span> <span class='ocrx_word' id='word_1_332' title='bbox 1683 4060 2054 4120; x_wconf 85' lang='lat' dir='ltr'>continentur</span> <span class='ocrx_word' id='word_1_333' title='bbox 2084 4063 2175 4119; x_wconf 89' lang='lat' dir='ltr'>De</span> <span class='ocrx_word' id='word_1_334' title='bbox 2207 4061 2360 4122; x_wconf 88' lang='lat' dir='ltr'>bello</span> <span class='ocrx_word' id='word_1_335' title='bbox 2394 4062 2632 4138; x_wconf 74' lang='lat' dir='ltr'>Gallico</span> <span class='ocrx_word' id='word_1_336' title='bbox 2660 4066 2827 4126; x_wconf 86' lang='lat' dir='ltr'>Libri</span> 
     </span>
     <span class='ocr_line' id='line_1_39' title="bbox 695 4153 2825 4234; baseline 0.007 -25"><span class='ocrx_word' id='word_1_337' title='bbox 695 4167 854 4212; x_wconf 90' lang='lat' dir='ltr'>v111.</span> <span class='ocrx_word' id='word_1_338' title='bbox 941 4154 1033 4212; x_wconf 89' lang='lat' dir='ltr'>De</span> <span class='ocrx_word' id='word_1_339' title='bbox 1077 4153 1230 4212; x_wconf 87' lang='lat' dir='ltr'>bello</span> <span class='ocrx_word' id='word_1_340' title='bbox 1272 4155 1428 4215; x_wconf 85' lang='lat' dir='ltr'>civili</span> <span class='ocrx_word' id='word_1_341' title='bbox 1455 4156 1815 4234; x_wconf 86' lang='lat' dir='ltr'>Pompeiano</span> <span class='ocrx_word' id='word_1_342' title='bbox 1847 4158 2177 4234; x_wconf 33' lang='lat' dir='ltr'>Librioun.</span> <span class='ocrx_word' id='word_1_343' title='bbox 2222 4213 2227 4220; x_wconf 85' lang='lat'>,</span> <span class='ocrx_word' id='word_1_344' title='bbox 2262 4160 2355 4217; x_wconf 91' lang='lat' dir='ltr'>De</span> <span class='ocrx_word' id='word_1_345' title='bbox 2384 4159 2542 4219; x_wconf 81' lang='lat' dir='ltr'>bello</span> <span class='ocrx_word' id='word_1_346' title='bbox 2569 4163 2825 4222; x_wconf 77' lang='lat' dir='ltr'>Alexan-</span> 
     </span>
     <span class='ocr_line' id='line_1_40' title="bbox 692 4245 2825 4341; baseline 0.008 -36"><span class='ocrx_word' id='word_1_347' title='bbox 692 4245 860 4318; x_wconf 75' lang='lat' dir='ltr'>drino</span> <span class='ocrx_word' id='word_1_348' title='bbox 887 4247 1061 4312; x_wconf 83' lang='lat' dir='ltr'>Liber</span> <span class='ocrx_word' id='word_1_349' title='bbox 1089 4268 1261 4322; x_wconf 86' lang='lat' dir='ltr'>unus,</span> <span class='ocrx_word' id='word_1_350' title='bbox 1290 4255 1407 4312; x_wconf 68' lang='grc' dir='ltr'>διε.</span> <span class='ocrx_word' id='word_1_351' title='bbox 1491 4252 1753 4315; x_wconf 83' lang='lat' dir='ltr'>Nomina</span> <span class='ocrx_word' id='word_1_352' title='bbox 1778 4254 2064 4327; x_wconf 82' lang='lat' dir='ltr'>locorum,</span> <span class='ocrx_word' id='word_1_353' title='bbox 2096 4255 2346 4341; x_wconf 79' lang='lat' dir='ltr'>urbium,</span> <span class='ocrx_word' id='word_1_354' title='bbox 2375 4267 2437 4318; x_wconf 87' lang='lat' dir='ltr'>et</span> <span class='ocrx_word' id='word_1_355' title='bbox 2460 4259 2825 4338; x_wconf 80' lang='lat' dir='ltr'>populorum</span> 
     </span>
    </p>
   </div>
   <div class='ocr_carea' id='block_1_5' title="bbox 3074 2509 3083 3522">
    <p class='ocr_par' dir='ltr' id='par_1_7' title="bbox 3074 2509 3083 3522">
     <span class='ocr_line' id='line_1_41' title="bbox 3074 2509 3083 3522; baseline 0 0"><span class='ocrx_word' id='word_1_356' title='bbox 3074 2509 3083 3522; x_wconf 95' lang='lat' dir='ltr'> </span> 
     </span>
    </p>
   </div>
   <div class='ocr_carea' id='block_1_6' title="bbox 3074 4015 3079 4570">
    <p class='ocr_par' dir='ltr' id='par_1_8' title="bbox 3074 4015 3079 4570">
     <span class='ocr_line' id='line_1_42' title="bbox 3074 4015 3079 4570; baseline 0 0"><span class='ocrx_word' id='word_1_357' title='bbox 3074 4015 3079 4570; x_wconf 95' lang='lat' dir='ltr'> </span> 
     </span>
    </p>
   </div>
  </div>
 </body>
</html>
