3117 5025
862 435 962 484 nn
1010 433 1195 484 vrrs·
1237 434 1441 487 sumt
1495 433 1852 485 cassura.
2057 392 2065 401 ¹
2288 419 2462 490 1855

265 584 317 646 in
334 585 489 666 Syria
505 584 835 666 Ciliciaque
862 596 925 648 et
953 587 1097 648 Asia
1123 586 1345 648 minore
1374 586 1674 648 celerrime
1695 594 2071 664 peracturum
2100 586 2460 662 confidebat,

266 684 409 763 quod
435 685 591 744 nulla
615 684 701 744 ibi
723 684 860 743 belli
892 684 1130 745 materia
1172 694 1508 764 appareret:
1564 684 1622 743 in
1657 682 1913 743 Bithinia
1940 695 2135 744 autem
2164 694 2226 745 et
2267 688 2457 747 Ponto

267 781 577 861 plusculum
626 782 846 861 negotii
894 801 1217 862 superesse,
1258 784 1558 843 Pharnace
1610 801 1743 859 rege
1789 781 1988 844 adhuc
2029 782 2293 861 regiones
2333 784 2461 845 illas

266 877 563 942 obtinente.
630 879 822 940 Jussis
851 900 992 960 ergo
1033 880 1268 941 urbanis
1295 889 1474 959 atque
1517 880 1682 940 Italis
1711 879 1887 940 rebus
1942 899 2127 960 usque
2169 880 2244 940 ad
2277 881 2462 961 ipsius

262 975 555 1037 adventum
613 977 1055 1056 conquiescere:
1122 978 1250 1057 ipse
1298 986 1496 1057 coepto
1550 976 1797 1036 festinus
1842 975 2048 1036 itinere
2093 977 2460 1040 Pharnacem

263 1072 428 1151 petit:
468 1074 966 1154 appropinquanti
1011 1075 1327 1154 Dejotarus
1363 1072 1729 1136 ⁶⁵Galachiae
1773 1073 2086 1146 tetrarcha,
2142 1075 2281 1135 licet
2316 1084 2458 1136 tnnc

260 1168 325 1230 de
349 1170 440 1231 itta
465 1170 726 1251 litigans;
777 1192 880 1232 rex
907 1181 1103 1233 autem
1145 1171 1381 1232 minoris
1410 1170 1699 1232 Armenia:
1728 1190 1765 1230 a
1810 1180 2019 1232 senatu
2065 1172 2456 1244 constitutus:

259 1264 508 1346 deposito
528 1270 691 1329 omni
718 1278 926 1330 ornatu
955 1268 1136 1349 regio,
1165 1277 1229 1330 et
1266 1288 1382 1329 non
1413 1269 1601 1329 solum
1631 1268 1868 1347 privati,
1896 1268 1998 1328 sed
2027 1269 2109 1330 rei
2153 1269 2460 1352 supplicis-

260 1383 365 1442 que
387 1365 590 1426 habitu
632 1366 870 1427 obviam
906 1366 1094 1427 venit:
1170 1375 1233 1426 et
1272 1386 1410 1426 cum
1454 1365 1814 1428 audientiam
1855 1367 2192 1427 meruisset:
2243 1374 2262 1402 ‘
2290 1369 2461 1448 Ego}

258 1460 449 1540 inquit,
490 1473 508 1500 ‘
538 1485 578 1525 o
599 1464 798 1524 Caesar
822 1483 949 1524 non
969 1461 1202 1523 inficior
1226 1482 1321 1523 me
1347 1462 1636 1541 Pompeio
1662 1460 1908 1522 favisse:
1953 1462 2000 1521 si
2028 1462 2238 1536 erravi,
2271 1472 2449 1545 teque

255 1558 490 1634 offendi3
548 1562 779 1622 veniam
807 1569 986 1639 peto:
1043 1579 1203 1620 eram
1233 1560 1434 1620 Caesar
1461 1568 1520 1620 et
1549 1558 1633 1619 fni
1663 1578 1892 1639 semper
1928 1568 2118 1638 atque
2131 1581 2233 1621 ero
2263 1560 2457 1624 fidelis

255 1658 462 1736 populo
488 1660 804 1720 Romano:
853 1654 1010 1718 ⁶⁶ero
1042 1657 1100 1717 in
1132 1658 1222 1718 his
1251 1657 1434 1730 terris,
1463 1657 1640 1736 [221]
1666 1677 1802 1737 qua:
1831 1657 2000 1717 nullis
2026 1658 2141 1718 tuis
2169 1659 2455 1737 praesidiis

252 1755 605 1828 tenebantur,
653 1775 845 1835 neque
898 1755 975 1814 de
1017 1756 1297 1816 Romanis
1346 1755 1810 1816 dissensionibus
1864 1775 2217 1834 cognoscere
2263 1777 2454 1819 meum

252 1861 395 1914 erat:
463 1854 614 1933 quid
670 1874 922 1933 agerem,
978 1837 1090 1913 nisi
1141 1854 1305 1933 quod
1366 1874 1405 1914 a
1450 1853 1762 1932 juventute
1816 1852 2159 1927 didiceram,
2211 1854 2456 1915 obedire

249 1946 678 2028 ⁶⁷parentibus!
759 1950 852 2010 Ad
899 1950 1030 2009 haec
1061 1951 1294 2011 Caesar:
1360 1957 1379 1985 ‘
1408 1950 1601 2011 Multa
1628 1950 1686 2009 in
1716 1958 1777 2009 te
1816 1959 1877 2011 et
1918 1969 2129 2031 magna
2167 1951 2458 2013 beneficia

251 2065 386 2120 mea,
411 2048 635 2127 quibus
662 2047 801 2108 olim
829 2047 1035 2108 consul
1062 2045 1298 2127 “teque
1326 2060 1493 2110 tuum
1521 2067 1784 2126 regnum,
1801 2048 2125 2119 honestavi,
2156 2045 2454 2127 ⁶⁹quidem

249 2142 465 2206 minime
506 2145 617 2207 tibi
662 2145 952 2206 excidisse
988 2145 1350 2207 debuerant:
1404 2144 1703 2208 excusatio
1743 2153 1952 2206 autem=
1980 2146 2189 2206 erroris
2218 2147 2455 2226 penitus

250 2239 392 2300 nulla
417 2252 509 2304 est
536 2251 663 2303 tam
707 2243 983 2321 prudenti
1009 2251 1247 2323 tamque
1291 2242 1581 2306 industrio
1610 2242 1768 2303 viro:
1823 2263 1997 2304 nosse
2024 2244 2172 2303 enim
2217 2254 2453 2323 poteras

248 2347 302 2397 et
337 2339 599 2401 debebas
651 2340 833 2420 ⁷⁰qui‚
860 2342 1067 2402 urbem
1116 2343 1368 2402 Romam
1409 2352 1592 2421 atque
1633 2341 1863 2402 Italiam
1910 2350 2159 2400 teneret:
2217 2341 2319 2403 ubi
2355 2342 2455 2402 ille

247 2446 402 2508 esset,
429 2437 513 2498 ibi
536 2449 808 2503 senatum
836 2439 1248 2520 Populumque
1270 2438 1725 2513 Romanum,ibi
1751 2438 1989 2498 demum
2017 2458 2146 2498 esse
2173 2440 2452 2519 rempub-

243 2532 432 2598 licam:
483 2546 699 2597 contra
718 2546 915 2598 autem
942 2538 1073 2617 quis
1100 2539 1415 2598 Lemnium
1435 2545 1497 2598 ct
1520 2535 1866 2598 Marcellum
1887 2536 2159 2595 consules
2187 2535 2462 2611 haberet,

248 2630 448 2707 quidve
474 2632 635 2694 inter
670 2642 784 2694 tam
829 2633 1133 2694 dissimilia
1170 2634 1473 2696 interesset
1513 2634 1781 2713 ignorare
1821 2651 1938 2691 non
1984 2642 2238 2712 poteras.
2295 2636 2450 2714 .Ego

244 2736 422 2790 tamen
475 2731 639 2791 hanc
680 2732 916 2810 culpam
958 2731 1249 2813 prioribus
1306 2730 1613 2792 beneficiis
1664 2738 1843 2808 atque
1884 2729 2183 2808 obsequiis
2223 2729 2358 2802 tuis,
2388 2742 2460 2793 et,

243 2823 484 2905 bospitio
510 2827 681 2907 qnod
714 2828 821 2887 tibi
850 2836 937 2887 est
964 2846 1216 2899 mecum,
1246 2836 1308 2888 et
1333 2827 1608 2888 amicitia:
1642 2827 1921 2904 antiquae,
1948 2834 2010 2885 et
2036 2826 2302 2905 dignitati
2328 2838 2449 2889 tuoe

241 2931 404 3001 atque
447 2926 618 2987 aetati
647 2924 845 2985 volens
886 2925 1081 2984 dono:
1142 2926 1379 3003 insuper
1404 2935 1462 2985 et
1489 2924 1812 2985 multorum
1849 2921 2121 3002 precibus
2150 2923 2447 3004 hospitunt

241 3020 673 3103 amicorumque
716 3032 971 3095 tuorum,
1002 3021 1107 3101 qni
1148 3041 1257 3101 pro
1287 3031 1345 3083 te
1379 3022 1597 3102 saepius
1647 3041 1754 3101 me¹
1781 3030 2098 3100 rogarunt:
2153 3022 2230 3082 de
2257 3022 2447 3102 litigio

240 3125 417 3179 autem
448 3119 789 3180 tetrarchioe
816 3119 873 3178 in
901 3127 1181 3199 tempore,
1213 3118 1373 3198 quod
1405 3118 1643 3196 justum
1672 3118 1984 3191 videbitur,
2014 3117 2331 3181 diffiniam:
2391 3130 2447 3183 te

240 3212 442 3289 interea
479 3216 856 3279 confidenter
892 3237 1124 3278 mecum
1169 3236 1361 3297 agere,
1404 3225 1464 3277 et
1508 3217 1670 3295 regio
1709 3216 1915 3277 habitu
1961 3216 2051 3277 uti
2090 3218 2266 3281 volo.'
2331 3220 2445 3281 His

240 3312 395 3375 dictis
419 3316 717 3394 legionem
746 3335 921 3375 unam
949 3316 1103 3394 regis
1123 3336 1156 3376 e
1182 3315 1435 3375 subditis
1459 3315 1578 3374 suis
1605 3306 1875 3375 Romano
1898 3335 2057 3376 more
2075 3318 2445 3391 instructam,

241 3417 294 3469 el
318 3422 708 3492 quotcunque
762 3413 1005 3476 haberet
1044 3412 1269 3493 equites
1312 3433 1510 3473 secum
1550 3411 1630 3471 ad
1653 3412 1897 3473 «bellum
1939 3413 2246 3473 Ponticum
2287 3414 2468 3476 mitti.

240 3504 493 3585 imperat.
554 3510 835 3593 Cumque
890 3510 1253 3588 Dejotharus
1300 3510 1358 3568 in
1414 3508 1688 3569 omnibus
1736 3511 2045 3588 paruisset,
2100 3521 2160 3570 et
2199 3510 2274 3570 ad
2318 3511 2446 3588 ejus

240 3604 441 3682 regiam
470 3607 678 3667 Caesar
706 3626 864 3667 more
886 3606 1126 3686 hospitii
1149 3607 1869 3685 divertisset,⁷¹culterque
1899 3626 2125 3667 summa
2144 3607 2445 3686 diligentia

238 3698 448 3776 fuisset,
479 3703 756 3764 inventus
793 3712 903 3776 est,
935 3704 1037 3781 qui
1065 3704 1452 3783 Dejotharum
1493 3723 1690 3765 coram
1733 3705 1964 3765 Coesare
2003 3712 2327 3776 accusaret,
2354 3704 2465 3763 in-.

238 3795 401 3860 sidias
426 3800 596 3861 illum
618 3799 728 3859 sibi
756 3809 1072 3861 nocturnas
1101 3801 1451 3863 tetendisse:
1502 3811 1664 3862 extat
1689 3802 2114 3881 elegantissima
2143 3801 2445 3861 Ciceronis

237 3913 418 3974 regem
460 3896 838 3958 defendentis
863 3899 1076 3959 oratio.
1160 3900 1374 3959 Caesari
1416 3898 1695 3959 Ponticos
1725 3897 1883 3958 'fines
1922 3899 2182 3977 ingresso
2229 3897 2445 3976 legatio

240 3991 537 4059 Pharnacis
570 3995 724 4073 regis
751 3994 988 4055 obviam
1019 3996 1211 4057 venit:
1258 4004 1276 4031 ‘
1302 4003 1432 4055 orat
1461 4004 1527 4056 ut
1559 4003 1808 4077 pacatus
1849 3995 1980 4073 ejus
2027 3993 2314 4055 adventus
2346 3996 2445 4069 sit,

236 4107 427 4173 regem
436 4093 600 4152 enim
628 4101 904 4173 prompto
931 4091 1125 4151 animo
1165 4093 1282 4153 suis
1320 4093 1577 4179 imperiis
1619 4091 1980 4171 pariturum:
2022 4111 2213 4172 neque
2252 4092 2444 4175 indig-

293 4231 354 4281 ⁶⁵
393 4229 560 4297 Lege,
596 4229 827 4287 Gataeia.
827 4234 958 4280 —66
997 4231 1157 4296 Lege,
1177 4234 1449 4283 erm—6⁷
1493 4231 1673 4293 Forte,
1692 4229 2046 4299 inqvermttibus.
2045 4234 2178 4283 -68
2214 4231 2374 4296 Lege,
2393 4235 2444 4282 u

242 4308 461 4374 unque.
462 4313 604 4361 -69
624 4307 796 4375 Adde,
816 4324 936 4375 que.
939 4316 1070 4362 —70
1092 4312 1230 4377 Lege
1251 4311 1371 4379 quis.
1372 4315 1500 4363 -71
1525 4312 1688 4376 Lege,
1705 4312 1959 4377 attumne.
