3117 5025
937 411 1035 461 na
1083 409 1263 460 vrrs
1307 411 1511 461 sunu
1559 410 1918 462 oasams.
2351 397 2526 464 18:3¹7

308 567 586 630 liceretne
616 568 868 642 civibus,
920 568 1082 649 quod
1124 567 1381 648 fugitivis
1408 565 1700 628 interdum
1728 587 1799 627 ac
1833 564 2217 648 praedonibus
2245 564 2525 638 licuisset,

304 667 534 746 legatos
565 666 642 727 de
677 686 829 746 pace
858 667 1106 737 mittere,
1148 681 1229 726 'ne
1257 667 1418 727 cives
1446 666 1596 726 inter
1625 686 1684 725 se
1725 664 1959 726 funesto
1988 666 2184 727 Marte
2212 685 2528 726 concurre·

306 774 459 836 rent,
515 773 578 825 et
621 785 861 828 suorum
907 764 1177 824 manibus
1227 765 1553 824 Romanum
1603 771 1930 824 everterent
1958 762 2301 843 imperium:
2344 762 2529 824 multa

308 881 551 942 quoque
578 861 823 922 humilia
846 861 1044 934 verba,
1074 872 1132 921 et
1161 881 1312 940 quae,
1344 874 1412 922 ut
1438 861 1585 933 dixi,
1643 861 1898 922 timentis
1938 860 2122 922 videri
2151 870 2394 941 possent
2420 860 2530 922 nisi

310 978 351 1030 a
374 958 609 1020 cesare
653 959 1010 1021 diceremur.
1092 960 1268 1021 Paret
1292 961 1389 1021 ille
1417 969 1478 1019 et
1504 960 1581 1020 ad
1610 959 1796 1037 ripam
1824 958 2009 1019 amnis
2040 958 2531 1040 profectusman·

308 1056 449 1117 data
477 1058 569 1118 sui
594 1056 767 1118 ducis
813 1058 1141 1138 exequitur,
1196 1067 1257 1118 et
1299 1058 1378 1117 ab
1426 1066 1676 1134 utraque
1721 1055 1977 1135 partium
2024 1055 2245 1136 ingenti
2290 1055 2526 1120 silentio

304 1153 544 1215 auditus
592 1166 724 1227 est:
768 1175 1230 1236 responsumque
1284 1156 1360 1215 ab
1411 1154 1679 1228 adverso,
1737 1153 1899 1232 quod
1949 1154 2137 1214 Aulus
2190 1155 2375 1214 Varro
2429 1153 2526 1215 die

308 1253 583 1331 proxima
608 1252 684 1314 ad
714 1254 1076 1333 colloquium
1106 1254 1362 1314 veniret:
1393 1253 1571 1333 legati
1596 1261 1796 1314 autem
1826 1261 1958 1313 tuto
1986 1261 2048 1312 et
2067 1250 2258 1313 venire
2286 1260 2529 1331 possent

312 1358 377 1410 et
419 1370 555 1430 quae
610 1352 824 1412 vellent
871 1351 1057 1430 loqui.
1140 1350 1375 1412 Vatinio
1420 1370 1660 1430 quoque
1707 1348 1836 1409 dies
1882 1348 2090 1409 eadem
2142 1347 2218 1408 ad
2275 1347 2527 1410 reditum

312 1448 599 1528 praefixa:
643 1450 749 1529 qui
796 1470 932 1511 cum
982 1449 1251 1522 venisset,
1306 1459 1366 1510 et
1413 1449 1508 1509 ille
1554 1448 1631 1509 ad
1681 1446 1989 1508 eundem¹³
2028 1445 2313 1522 rediisset,
2354 1447 2529 1507 turba

314 1550 524 1626 ingens
552 1547 827 1627 utrinque
851 1556 1222 1622 convenerat,
1270 1547 1505 1608 intentis
1537 1556 1603 1607 ut
1631 1545 1941 1606 videbatur
1966 1543 2042 1604 ad
2085 1563 2294 1623 pacem
2324 1544 2529 1604 animis

314 1644 460 1706 dum
487 1665 581 1706 res
605 1646 681 1706 ad
730 1646 949 1706 bonum
976 1645 1196 1707 exitum
1226 1665 1414 1725 prona
1442 1653 1613 1707 esset.
1697 1642 1990 1703 Labienus
2019 1640 2259 1721 prodiit,
2301 1650 2362 1701 et
2388 1660 2525 1701 cum

310 1743 557 1804 ‚Vatinio
583 1742 845 1824 colloqui
874 1743 1054 1822 coepit
1081 1753 1261 1824 atque
1289 1742 1669 1813 contendere,
1698 1752 1762 1802 ut
1792 1740 1892 1821 qui
1922 1740 2139 1820 ingenti
2167 1739 2306 1800 odio
2336 1740 2534 1801 Caesa·

312 1860 437 1903 rem
466 1840 690 1901 odisset
715 1865 731 1903 :
765 1841 937 1921 [¹97]
967 1840 1083 1900 tela
1110 1839 1403 1919 utrimque
1430 1839 1607 1900 missa
1636 1857 1964 1899 sermonem
1990 1836 2283 1898 dirimere.
2365 1836 2531 1897 Vati-

314 1937 477 1998 nium
506 1939 682 1998 armis
711 1938 929 1998 milites
978 1947 1381 2017 protexerunt,
1424 1936 1595 1997 multi
1624 1945 1823 1996 autem
1849 1934 2154 2005 vulnerati,
2185 1933 2531 1996 nominatim

318 2035 622 2097 Cornelius
678 2036 901 2098 Balbus
944 2044 1008 2095 et
1054 2036 1424 2096 centuriones
1476 2034 1812 2113 militesque
1866 2032 1997 2093 alii:
2045 2033 2201 2092 hunc
2253 2032 2530 2093 effectum

314 2125 465 2194 inter
490 2133 882 2213 Pompejanos
927 2133 1136 2194 habuit
1183 2151 1292 2211 per
1336 2131 1629 2192 Caesarem
1681 2140 1799 2191 tam
1830 2128 2124 2191 humiliter
2168 2148 2286 2210 pax
2314 2127 2531 2192 delata.

316 2230 615 2291 Labienus
645 2250 784 2290 vero
832 2230 1001 2310 quasi
1047 2228 1321 2290 facinoris
1360 2247 1610 2307 compos
1636 2227 1888 2307 egregii:
1931 2235 1950 2264 ⁶
1983 2227 2289 2301 Desinite‚’
2315 2227 2528 2308 inquit,

310 2336 335 2372 -‘
350 2328 484 2407 jam
511 2327 592 2388 de
619 2346 770 2407 pace
795 2346 1004 2406 agere:
1049 2346 1168 2406 pax
1196 2327 1351 2386 enim
1380 2325 1486 2386 nisi
1523 2335 1736 2386 trunco
1779 2334 1841 2386 et
1884 2324 2088 2385 oblato
2118 2325 2287 2385 nobis
2335 2325 2531 2406 capite

306 2425 563 2487 eman-is
591 2443 894 2504 uunquam
929 2422 1040 2483 erit
1056 2426 1091 2483 :'
1131 2422 1356 2486 dictum
1403 2423 1718 2502 pessimum
1766 2432 1828 2482 et
1873 2421 2067 2483 nescio
2111 2422 2300 2503 iniqui
2346 2423 2531 2502 magis

315 2522 591 2593 hominis,
635 2542 710 2582 an
754 2521 1021 2582 amentis.
1102 2523 1356 2582 Venerat
1385 2520 1441 2581 in
1485 2520 1736 2601 Epirum
1763 2521 1984 2594 Caesar,
2033 2520 2210 2582 rebus
2255 2521 2315 2582 in
2363 2521 2531 2583 Italia

314 2640 424 2700 pro
472 2629 741 2699 tempore
798 2619 1117 2700 dispositis,
1174 2630 1412 2699 propter
1458 2618 1893 2680 festinationem
1949 2616 2192 2697 quidem
2247 2616 2365 2679 tine
2410 2638 2530 2679 non

316 2727 657 2797 expectato,
690 2717 792 2778 sed
821 2718 1027 2778 relicto
1054 2717 1128 2777 ad
1159 2718 1554 2779 Brundusium
1579 2716 1838 2777 Antonio
1865 2736 2001 2776 cum
2032 2725 2197 2795 parte
2224 2716 2529 2788 exercitus,

317 2834 499 2894 quam
528 2813 835 2892 trajecisse
863 2814 1248 2895 nequiverat:
1294 2825 1359 2875 ut
1385 2813 1730 2894 conquisitis
1760 2813 1984 2873 scilicet
2010 2831 2083 2873 ac
2110 2811 2348 2873 resectis
2375 2814 2534 2873 navi-

315 2910 451 2982 bus,
502 2911 599 2971 ille
625 2930 757 2973 eam
786 2922 1019 2991 arrepta
1047 2912 1451 2992 oportunitate
1500 2911 1816 2988 trajiceret,
1873 2908 2034 2990 quod
2082 2929 2218 2970 cum
2269 2910 2532 2990 cupienti

318 3025 435 3067 non
468 3007 617 3069 satis
643 3008 1039 3088 expediretur,
1090 3018 1252 3069 tanta
1280 3017 1405 3070 erat
1445 3008 1813 3088 impatientia
1844 3006 2238 3086 expectandi:
2283 3006 2360 3067 ad
2389 3027 2530 3069 evo·

310 3104 545 3177 ‚candos
575 3106 710 3164 viva
738 3125 907 3178 voce,
963 3125 1114 3187 quos
1145 3125 1303 3185 saepe
1333 3105 1737 3185 nequidquam
1781 3104 1959 3165 literis
1987 3113 2315 3175 evocasset,
2362 3103 2533 3166 tumi-

310 3201 461 3269 ,dum
494 3202 686 3262 ventis
715 3222 874 3262 mare
911 3201 1137 3281 ingredi
1183 3202 1495 3282 piscatoria
1524 3203 1722 3263 cimba
1767 3202 1925 3262 solus
1968 3201 2312 3281 intempesta
2360 3212 2533 3264 nocte

318 3316 435 3359 non
475 3297 704 3359 timuit:
751 3298 853 3358 sed
882 3298 1135 3376 rejectus
1161 3298 1236 3359 ad
1283 3308 1493 3359 terram
1522 3295 1708 3359 fluctu
1735 3299 1948 3371 valido,
1999 3298 2106 3359 iter
2142 3300 2529 3373 temerarium,

318 3414 431 3455 non
462 3404 644 3465 metu,
676 3394 776 3454 sed
809 3395 1155 3457 necessitate
1181 3394 1477 3456 destituit:
1508 3405 1652 3456 nota
1678 3405 1767 3455 est
1796 3400 1908 3455 vox
1931 3396 2062 3474 ejus
2091 3396 2164 3455 ad
2194 3398 2533 3459 exterritum

316 3502 620 3554 nocturno
647 3512 885 3572 oequore
915 3493 1166 3572 ¹⁴eoque
1214 3493 1479 3573 periculo
1524 3494 2012 3570 gubernatorem:
2057 3500 2075 3527 ‘
2106 3493 2266 3562 Quid
2318 3503 2383 3553 tu
2417 3515 2534 3555 me·

323 3588 456 3662 tuis,
510 3589 809 3650 Caesarem
840 3589 1042 3648 vehis-⁹
1079 3590 1416 3649 Consecuto
1455 3609 1592 3648 cum
1638 3590 1912 3650 omnibus
1940 3589 2130 3668 copiis
2175 3591 2383 3668 paucis
2412 3590 2535 3652 die-

322 3686 431 3751 bus
462 3686 747 3758 Antonio,
796 3695 854 3745 et
883 3685 1136 3745 admotis
1161 3685 1237 3745 ad
1268 3686 1495 3746 hostem
1524 3687 1750 3758 castris,
1803 3686 1990 3746 indies
2018 3686 2200 3764 magis
2251 3707 2320 3746 ac
2351 3689 2535 3768 magis

313 3783 598 3856 instabat,
632 3802 786 3842 nunc
815 3782 1003 3842 aciem
1030 3781 1404 3861 explicandO,
1428 3802 1586 3843 nnnc
1608 3784 1805 3843 hostes
1834 3783 1907 3844 ad
1937 3782 2197 3862 proeliurn
2227 3783 2532 3859 irritando,

325 3899 479 3941 nunc
538 3879 903 3939 Durachium
959 3878 1396 3958 oppugnando:
1456 3889 1517 3939 et
1558 3899 1800 3958 perosus
1847 3900 2060 3952 moras,
2110 3890 2171 3941 et
2224 3881 2533 3944 celeritatis

327 3975 729 4048 avidissimus;
774 3977 1139 4056 cupiensque
1187 3976 1583 4050 vehementer,
1630 3990 1699 4037 ut
1739 3979 2077 4058 quicunque
2122 3977 2350 4039 futurus
2387 3989 2538 4042 esset

334 4069 467 4134 belli
509 4074 720 4151 exitus,
771 4075 965 4136 statim
1006 4084 1195 4135 esset:
1237 4075 1432 4136 omnia
1478 4074 1732 4136 frustra:
1775 4095 1914 4136 nam
1947 4087 2007 4137 et
2050 4075 2408 4137 Duracbium
2451 4076 2538 4138 in-

946 4290 1008 4336 18
1042 4284 1217 4352 Adde,
1248 4287 1545 4341 lom-14
1579 4286 1757 4354 Forte,
1776 4292 1934 4355 atquo.
