3117 5025
1190 415 1294 466 An
1342 413 1772 465 sacrosan.
2424 395 2602 467 iffi?

379 562 715 631 §arimin
743 576 885 628 viu
913 561 1119 628 libros
1162 559 1415 641 divisit,
1454 567 1533 628 ut
1572 559 1798 627 Julius
1827 557 2083 628 cm.
2175 559 2261 625 In
2305 559 2606 630 editione

380 673 605 734 unm
636 671 859 732 vetere
884 664 1069 730 nulla
1094 669 1203 729 est
1239 664 1557 729 librorum
1606 662 1962 743 distinctio,
2009 682 2212 749 quam
2253 663 2366 730 hic
2409 670 2484 731 ut
2528 667 2608 734 in·

380 771 535 840 alsa
579 787 815 836 smnus
859 769 1096 835 secuti.
1184 767 1323 833 Sed
1354 767 1679 852 quicquid
1704 769 1793 833 sit
1819 766 1902 832 de
1927 769 2185 851 scripto
2209 773 2277 833 et
2305 772 2602 850 auctore,

379 875 593 958 liquet
616 872 851 956 utique
879 891 1274 957 anonymum
1302 890 1475 950 esse,
1502 890 1698 954 quem
1725 868 2015 935 Vossius
2040 869 2084 935 J
2094 870 2299 935 ulium
2328 868 2600 937 Celsum

382 983 603 1054 vocat,
666 994 806 1060 quo
857 981 1131 1041 auctore
1180 975 1437 1057 ignoro,
1489 975 1622 1039 nisi
1671 972 1859 1053 forte,
1909 993 2063 1040 cum
2106 974 2399 1056 legisset,
2444 974 2602 1041 libri

378 1080 609 1146 octavi
665 1079 1059 1162 scriptorem
1110 1077 1339 1144 baberi
1386 1076 1684 1156 Celsum,
1731 1083 1805 1142 ut
1853 1077 2165 1156 vidimus,
2207 1095 2332 1142 nec
2379 1082 2601 1143 tamm

379 1182 555 1256 alias
583 1186 766 1247 esset
790 1180 972 1246 illius
1013 1181 1169 1247 libri
1216 1186 1472 1259 auctor,
1520 1200 1724 1265 quam
1770 1180 1887 1264 qni
1931 1181 2020 1246 sit
2062 1180 2598 1265 praecedentium,

380 1284 563 1370 quod
590 1304 786 1352 nemo
814 1285 1009 1351 iverit
1035 1282 1327 1362 inficias,
1368 1284 1485 1367 qui
1524 1282 1636 1349 vel
1682 1281 2040 1348 dictionem
2085 1283 2198 1348 vel
2242 1283 2599 1350 sententias

258 1401 271 1408 “
380 1388 699 1454 attentius
754 1385 1148 1465 consideret,
1200 1385 1492 1451 animum
1541 1384 1881 1451 induxerit
1925 1391 2003 1450 ut
2052 1384 2347 1450 crederet
2398 1386 2603 1451 totius

376 1489 573 1575 hujus
604 1492 827 1574 operis
855 1489 1438 1558 conditor-emessa
1481 1487 1528 1554 J
1535 1490 1741 1554 ulium
1780 1486 2073 1555 Celsum.
2163 1486 2326 1554 Fuit
2370 1493 2596 1556 autem

382 1610 749 1678 anonymus
774 1593 887 1660 hic
918 1591 1352 1658 Christianus.
1441 1592 1708 1659 laudat
1734 1593 2181 1659 testimonium
2210 1593 2425 1657 sancti
2453 1588 2600 1657 Au·

381 1694 631 1778 gnstini
656 1695 739 1762 ds
764 1702 975 1762 morte
1002 1696 1379 1762 voluntaria
1405 1695 1704 1776 CatoniS,
1733 1702 1799 1762 et
1837 1715 1972 1762 non
2014 1715 2165 1760 raro
2211 1695 2488 1762 damnat
2533 1698 2603 1762 et

378 1796 608 1862 irridet
669 1799 1027 1880 gentilium,
1082 1798 1540 1865 Romanorum
1594 1801 1960 1884 proecipue,
2018 1799 2088 1864 in
2147 1797 2471 1882 auspiciis
2530 1802 2599 1862 et

382 1901 595 1966 sacris
633 1902 1189 1985 superstitionem.
1280 1901 1493 1967 Nulla
1529 1903 1602 1966 in
1645 1904 1762 1969 illo
1805 1903 2218 1988 antiquitatis
2255 1905 2414 1966 sunt
2449 1918 2600 1966 ves-

380 2002 569 2086 tigit.
657 2001 841 2083 Quin
868 2005 987 2069 vix
1034 2003 1687 2089 quadringentorum,
1726 2024 2050 2069 summum
2098 2004 2600 2087 quingentorum

380 2122 702 2172 annorum
759 2111 1025 2172 aetatem
1076 2106 1241 2193 fert..
1328 2104 1533 2184 Nam,
1587 2112 1660 2172 ut
1713 2107 2013 2172 omittam
2070 2106 2230 2184 alia,
2294 2103 2598 2170 Morinos

380 2206 547 2274 dicit
574 2227 699 2274 mo
725 2213 1025 2293 tempore
1070 2207 1398 2275 Flandros
1437 2210 1789 2294 appellari,
1830 2217 1897 2276 et
1940 2209 2167 2292 Reges
2211 2205 2594 2274 Germania

381 2308 707 2378 Cenares,
796 2310 1324 2390 Quamvisvero
1369 2311 1929 2380 JuliiCelsinon
1975 2311 2596 2378 sinthicommen-

379 2414 558 2492 tar-ii,
601 2415 667 2479 si
708 2415 827 2480 ulli
852 2434 1151 2500 unquam
1194 2414 1376 2481 Celsi
1422 2417 1874 2484 commentarii
1911 2417 2292 2494 extiterunt,
2335 2412 2422 2480 de
2460 2432 2597 2498 quo

380 2516 575 2582 valde
601 2518 858 2597 dubito,
892 2538 975 2584 ac
1017 2538 1151 2584 non
1192 2520 1429 2603 potius
1467 2519 1732 2605 decepti
1773 2524 1934 2584 sunt
1981 2538 2238 2598 omnes,
2284 2517 2426 2596 alii,
2474 2516 2596 2602 qui

379 2619 862 2689 emendatorem
887 2640 1166 2706 operum
1189 2619 1484 2688 Caesaris
1502 2621 1762 2689 Julium
1785 2622 2056 2688 Celsum
2078 2622 2446 2688 habuerunt
2468 2638 2594 2705 pro

376 2721 643 2789 illorum
685 2729 980 2802 auctore,
1026 2724 1168 2804 alii,
1222 2725 1337 2810 qui
1383 2725 1561 2791 bunc
1603 2746 2009 2811 anonymum
2059 2724 2483 2791 crediderunt
2526 2728 2594 2791 et

381 2822 651 2890 Celsum
684 2826 893 2905 ἰΠιιιι,
939 2826 1059 2912 qui
1094 2846 1281 2912 saepe
1323 2827 1635 2893 Laudatur
1680 2849 1725 2894 a
1768 2828 2238 2913 scriptoribus,
2281 2826 2397 2911 qui
2440 2831 2594 2892 ante

377 2931 700 2995 trecentos
742 2947 950 2994 annos
988 2928 1320 3008 vixerunt,
1359 2950 1641 3015 quorum
1687 2949 1889 3015 supra
1927 2930 2369 3008 meminimus,
2408 2928 2594 3015 quia,

376 3034 450 3094 ut
476 3028 553 3095 in
574 3027 865 3095 editione
885 3034 1152 3096 vetusta
1176 3038 1407 3096 nostra
1430 3032 1599 3098 libor
1626 3039 1908 3099 octavus
1931 3031 2111 3098 Celsi
2138 3050 2377 3099 nomen
2403 3031 2591 3115 gerit,

377 3131 479 3199 sic
508 3131 787 3198 forsitan
811 3133 882 3197 in
907 3134 1245 3199 nonnullis
1269 3138 1744 3221 manuscriptis
1780 3136 2128 3203 codicibus
2173 3154 2401 3201 omnes
2436 3131 2591 3199 libri

375 3230 501 3299 hoc
540 3254 779 3300 nomen
807 3242 1236 3319 ostentarunt,
1280 3239 1458 3325 quod
1488 3240 1614 3306 viri
1641 3239 1824 3306 docti
1853 3242 2287 3305 observarunt
2330 3239 2398 3302 in
2437 3234 2592 3301 Cae<

378 3335 547 3400 saris
578 3356 842 3422 quoque
875 3342 1362 3406 commentariis
1401 3344 1917 3427 manuscripti33
1962 3349 2116 3408 sunt
2153 3348 2373 3407 tamen
2410 3338 2594 3423 digni

375 3436 441 3501 hi
470 3441 781 3525 anonymi
811 3445 1286 3524 commentarii,
1333 3447 1450 3531 qui
1487 3466 1580 3511 ex
1621 3447 1767 3512 istis
1813 3445 2084 3512 latebris
2129 3444 2198 3508 in
2243 3442 2589 3508 celebrita-

377 3545 523 3641 ιειιι
538 3542 1021 3626 protrahantur,
1110 3546 1225 3612 Sic
1267 3551 1439 3617 euim
1467 3547 1751 3614 satisfiet
1792 3548 2200 3614 eruditorum
2234 3544 2587 3625 desiderio,

379 3644 494 3726 qui
525 3645 683 3709 olim
713 3666 866 3711 eum
894 3648 1118 3715 videre
1147 3654 1460 3734 gestiunt,
1504 3654 1670 3718 inter
1700 3671 1871 3738 quos
1898 3651 2028 3717 fuit
2055 3650 2183 3716 Vir
2227 3649 2585 3734 probitate,

375 3744 696 3826 doctrina,
725 3756 793 3815 et
821 3771 974 3816 cum
1002 3762 1383 3838 superesset
1406 3756 1624 3822 studio
1653 3752 2108 3821 benemerendi
2138 3752 2221 3817 de
2249 3750 2587 3835 praeclaris

375 3850 652 3930 artibus,
692 3853 1084 3939 illarumque
1133 3857 1500 3923 cultoribus
1547 3860 1617 3923 in
1657 3858 1895 3942 primis
1944 3856 2186 3921 nobilis
2239 3852 2586 3921 Emericus

376 3948 709 4033 Bigotius,
753 3953 949 4038 cujus
978 3959 1334 4041 epistolam
1378 3966 1533 4025 ante
1568 3961 1806 4026 multos
1834 3978 2042 4025 annos
2086 3958 2175 4025 ad
2223 3956 2584 4024 Nicolaum

378 4049 733 4120 Heinsium
762 4056 984 4123 datam
1014 4059 1169 4142 legi,
1214 4061 1284 4125 in
1322 4080 1456 4146 qua
1497 4063 1769 4146 petebat
1810 4061 2120 4147 quaedam
2160 4061 2290 4126 sibi
2325 4081 2412 4126 ex
2453 4060 2583 4124 hoc

374 4173 700 4241 anonymo
742 4157 1057 4240 describi,
1103 4164 1508 4248 optabatque
1554 4172 1768 4231 totum
1817 4172 1935 4231 aut
1982 4167 2223 4245 solum,
2266 4168 2381 4230 aut
2428 4183 2581 4228 cum
2659 4228 2668 4235 ,

369 4253 413 4319 J
419 4257 553 4322 ulio
575 4256 872 4340 Caesare,
895 4262 957 4326 si
984 4265 1254 4346 quando
1283 4266 1464 4352 typis
1491 4268 1732 4333 iterum
1759 4268 2204 4346 mandaretur,
2227 4265 2578 4352 publicari,
