<?xml version="1.0" encoding="UTF-8"?>
<!DOCTYPE html PUBLIC "-//W3C//DTD XHTML 1.0 Transitional//EN"
    "http://www.w3.org/TR/xhtml1/DTD/xhtml1-transitional.dtd">
<html xmlns="http://www.w3.org/1999/xhtml" xml:lang="en" lang="en">
 <head>
  <title>
</title>
<meta http-equiv="Content-Type" content="text/html;charset=utf-8" />
  <meta name='ocr-system' content='tesseract 3.04.00' />
  <meta name='ocr-capabilities' content='ocr_page ocr_carea ocr_par ocr_line ocrx_word'/>
</head>
<body>
  <div class='ocr_page' id='page_1' title='image "./cjuliicaesariso00caesgoog/cjuliicaesariso00caesgoog_0226.png"; bbox 0 0 3117 5025; ppageno 0'>
   <div class='ocr_carea' id='block_1_1' title="bbox 592 362 2300 436">
    <p class='ocr_par' dir='ltr' id='par_1_1' title="bbox 592 362 2300 436">
     <span class='ocr_line' id='line_1_1' title="bbox 592 362 2300 436; baseline 0.002 -12"><span class='ocrx_word' id='word_1_1' title='bbox 592 362 769 436; x_wconf 70' lang='lat' dir='ltr'>18oe</span> <span class='ocrx_word' id='word_1_2' title='bbox 1086 377 1581 428; x_wconf 56' lang='lat' dir='ltr'>“usrmoms</span> <span class='ocrx_word' id='word_1_3' title='bbox 1630 378 1731 427; x_wconf 73' lang='lat' dir='ltr'>nn</span> <span class='ocrx_word' id='word_1_4' title='bbox 1775 379 2000 429; x_wconf 77' lang='lat' dir='ltr'>mmo</span> <span class='ocrx_word' id='word_1_5' title='bbox 2046 380 2300 432; x_wconf 72' lang='lat' dir='ltr'>cnnso.</span> 
     </span>
    </p>
   </div>
   <div class='ocr_carea' id='block_1_2' title="bbox 598 521 2824 2070">
    <p class='ocr_par' dir='ltr' id='par_1_2' title="bbox 680 521 2772 594">
     <span class='ocr_line' id='line_1_2' title="bbox 680 521 2772 594; baseline 0.001 -10"><span class='ocrx_word' id='word_1_6' title='bbox 680 522 937 584; x_wconf 85' lang='lat' dir='ltr'>Gerard.</span> <span class='ocrx_word' id='word_1_7' title='bbox 972 521 1116 582; x_wconf 74' lang='lat' dir='ltr'>Joh.</span> <span class='ocrx_word' id='word_1_8' title='bbox 1154 522 1391 583; x_wconf 73' lang='lat' dir='ltr'>Vossius</span> <span class='ocrx_word' id='word_1_9' title='bbox 1418 523 1488 584; x_wconf 84' lang='lat' dir='ltr'>de</span> <span class='ocrx_word' id='word_1_10' title='bbox 1514 525 1755 584; x_wconf 78' lang='lat' dir='ltr'>Histor.</span> <span class='ocrx_word' id='word_1_11' title='bbox 1779 523 1924 584; x_wconf 81' lang='lat' dir='ltr'><strong><em>Lat.</em></strong></span> <span class='ocrx_word' id='word_1_12' title='bbox 1952 540 1999 583; x_wconf 88' lang='lat'>1.</span> <span class='ocrx_word' id='word_1_13' title='bbox 2035 532 2130 586; x_wconf 90' lang='grc'>13.</span> <span class='ocrx_word' id='word_1_14' title='bbox 2763 591 2772 594; x_wconf 67' lang='grc'><strong>,</strong></span> 
     </span>
    </p>

    <p class='ocr_par' dir='ltr' id='par_1_3' title="bbox 598 621 2824 2070">
     <span class='ocr_line' id='line_1_3' title="bbox 674 621 2813 702; baseline 0 -21"><span class='ocrx_word' id='word_1_15' title='bbox 674 623 783 681; x_wconf 87' lang='lat' dir='ltr'>Est</span> <span class='ocrx_word' id='word_1_16' title='bbox 814 623 1222 700; x_wconf 83' lang='lat' dir='ltr'>Fragmentum</span> <span class='ocrx_word' id='word_1_17' title='bbox 1246 622 1386 681; x_wconf 81' lang='lat' dir='ltr'>illud</span> <span class='ocrx_word' id='word_1_18' title='bbox 1415 631 1476 698; x_wconf 86' lang='lat' dir='ltr'>(a</span> <span class='ocrx_word' id='word_1_19' title='bbox 1500 623 1841 683; x_wconf 67' lang='lat' dir='ltr'>casaubono</span> <span class='ocrx_word' id='word_1_20' title='bbox 1869 630 2140 682; x_wconf 81' lang='lat' dir='ltr'>notatum</span> <span class='ocrx_word' id='word_1_21' title='bbox 2166 623 2328 682; x_wconf 76' lang='lat' dir='ltr'>uotis</span> <span class='ocrx_word' id='word_1_22' title='bbox 2354 623 2419 683; x_wconf 80' lang='lat' dir='ltr'>iu</span> <span class='ocrx_word' id='word_1_23' title='bbox 2477 621 2813 702; x_wconf 75' lang='lat' dir='ltr'>Tranquill-</span> 
     </span>
     <span class='ocr_line' id='line_1_4' title="bbox 598 717 2813 791; baseline -0.001 -10"><span class='ocrx_word' id='word_1_24' title='bbox 598 737 647 782; x_wconf 91' lang='lat'>1.</span> <span class='ocrx_word' id='word_1_25' title='bbox 706 717 827 791; x_wconf 83' lang='lat'><strong>56.)</strong></span> <span class='ocrx_word' id='word_1_26' title='bbox 896 720 1230 779; x_wconf 81' lang='lat' dir='ltr'>desumtum</span> <span class='ocrx_word' id='word_1_27' title='bbox 1285 740 1355 779; x_wconf 82' lang='lat' dir='ltr'>ex</span> <span class='ocrx_word' id='word_1_28' title='bbox 1419 720 1576 780; x_wconf 82' lang='lat' dir='ltr'>Julii</span> <span class='ocrx_word' id='word_1_29' title='bbox 1645 720 1798 780; x_wconf 84' lang='lat' dir='ltr'>Celsi</span> <span class='ocrx_word' id='word_1_30' title='bbox 1861 720 2304 779; x_wconf 76' lang='lat' dir='ltr'>Commentariis</span> <span class='ocrx_word' id='word_1_31' title='bbox 2350 719 2421 780; x_wconf 80' lang='lat' dir='ltr'>de</span> <span class='ocrx_word' id='word_1_32' title='bbox 2487 721 2612 780; x_wconf 82' lang='lat' dir='ltr'>vita</span> <span class='ocrx_word' id='word_1_33' title='bbox 2654 719 2813 779; x_wconf 67' lang='lat' dir='ltr'>Julti</span> 
     </span>
     <span class='ocr_line' id='line_1_5' title="bbox 603 815 2811 897; baseline -0 -20"><span class='ocrx_word' id='word_1_34' title='bbox 603 816 857 877; x_wconf 76' lang='lat' dir='ltr'>Caesaris</span> <span class='ocrx_word' id='word_1_35' title='bbox 884 815 1025 874; x_wconf 82' lang='lat' dir='ltr'>edit.</span> <span class='ocrx_word' id='word_1_36' title='bbox 1053 816 1217 875; x_wconf 71' lang='lat' dir='ltr'>Ami.</span> <span class='ocrx_word' id='word_1_37' title='bbox 1253 826 1425 883; x_wconf 82' lang='grc'><strong>1473.</strong></span> <span class='ocrx_word' id='word_1_38' title='bbox 1510 818 1620 875; x_wconf 86' lang='lat' dir='ltr'>Est</span> <span class='ocrx_word' id='word_1_39' title='bbox 1667 836 1805 875; x_wconf 82' lang='lat' dir='ltr'>vero</span> <span class='ocrx_word' id='word_1_40' title='bbox 1830 817 1926 876; x_wconf 84' lang='lat' dir='ltr'>hic</span> <span class='ocrx_word' id='word_1_41' title='bbox 1960 817 2155 879; x_wconf 71' lang='lat' dir='ltr'>Celsus</span> <span class='ocrx_word' id='word_1_42' title='bbox 2182 817 2357 888; x_wconf 88' lang='lat' dir='ltr'>idem,</span> <span class='ocrx_word' id='word_1_43' title='bbox 2388 818 2491 897; x_wconf 90' lang='lat' dir='ltr'>qui</span> <span class='ocrx_word' id='word_1_44' title='bbox 2524 818 2811 878; x_wconf 66' lang='lat' dir='ltr'>Coesaren</span> 
     </span>
     <span class='ocr_line' id='line_1_6' title="bbox 600 913 2812 994; baseline -0 -19"><span class='ocrx_word' id='word_1_45' title='bbox 600 913 917 975; x_wconf 81' lang='lat' dir='ltr'><strong>recensuit:</strong></span> <span class='ocrx_word' id='word_1_46' title='bbox 977 915 1129 973; x_wconf 89' lang='lat' dir='ltr'>unde</span> <span class='ocrx_word' id='word_1_47' title='bbox 1160 915 1355 974; x_wconf 89' lang='lat' dir='ltr'>multis</span> <span class='ocrx_word' id='word_1_48' title='bbox 1390 914 1645 974; x_wconf 69' lang='lat' dir='ltr'>Caesaris</span> <span class='ocrx_word' id='word_1_49' title='bbox 1683 913 1872 975; x_wconf 84' lang='lat' dir='ltr'>Codd.</span> <span class='ocrx_word' id='word_1_50' title='bbox 1922 914 2115 973; x_wconf 82' lang='lat' dir='ltr'><strong><em>MSS.</em></strong></span> <span class='ocrx_word' id='word_1_51' title='bbox 2159 915 2547 994; x_wconf 85' lang='lat' dir='ltr'>subjunctum</span> <span class='ocrx_word' id='word_1_52' title='bbox 2578 914 2812 993; x_wconf 82' lang='lat' dir='ltr'>legitur,—</span> 
     </span>
     <span class='ocr_line' id='line_1_7' title="bbox 599 1011 2811 1092; baseline -0.001 -17"><span class='ocrx_word' id='word_1_53' title='bbox 599 1013 805 1075; x_wconf 78' lang='lat' dir='ltr'>Julius</span> <span class='ocrx_word' id='word_1_54' title='bbox 833 1012 1034 1073; x_wconf 76' lang='lat' dir='ltr'>Celsus</span> <span class='ocrx_word' id='word_1_55' title='bbox 1088 1014 1183 1072; x_wconf 82' lang='lat' dir='ltr'>vir</span> <span class='ocrx_word' id='word_1_56' title='bbox 1222 1013 1581 1074; x_wconf 76' lang='lat' dir='ltr'>clarissimus</span> <span class='ocrx_word' id='word_1_57' title='bbox 1634 1020 1689 1073; x_wconf 82' lang='lat' dir='ltr'>et</span> <span class='ocrx_word' id='word_1_58' title='bbox 1731 1032 1910 1072; x_wconf 77' lang='lat' dir='ltr'>comes</span> <span class='ocrx_word' id='word_1_59' title='bbox 1949 1014 2212 1072; x_wconf 79' lang='lat' dir='ltr'>recensui</span> <span class='ocrx_word' id='word_1_60' title='bbox 2226 1034 2247 1071; x_wconf 90' lang='lat'>.·</span> <span class='ocrx_word' id='word_1_61' title='bbox 2301 1011 2393 1071; x_wconf 88' lang='lat' dir='ltr'>vel</span> <span class='ocrx_word' id='word_1_62' title='bbox 2433 1013 2548 1072; x_wconf 82' lang='lat' dir='ltr'>hoc</span> <span class='ocrx_word' id='word_1_63' title='bbox 2595 1021 2811 1092; x_wconf 81' lang='lat' dir='ltr'>pacto:</span> 
     </span>
     <span class='ocr_line' id='line_1_8' title="bbox 600 1108 2818 1190; baseline 0 -20"><span class='ocrx_word' id='word_1_64' title='bbox 600 1109 804 1170; x_wconf 76' lang='lat' dir='ltr'>Julius</span> <span class='ocrx_word' id='word_1_65' title='bbox 849 1111 1047 1171; x_wconf 77' lang='lat' dir='ltr'>Celsus</span> <span class='ocrx_word' id='word_1_66' title='bbox 1089 1108 1516 1170; x_wconf 74' lang='lat' dir='ltr'>Constantinus</span> <span class='ocrx_word' id='word_1_67' title='bbox 1551 1108 1620 1169; x_wconf 89' lang='lat' dir='ltr'>V.</span> <span class='ocrx_word' id='word_1_68' title='bbox 1652 1108 1717 1168; x_wconf 87' lang='lat' dir='ltr'>C.</span> <span class='ocrx_word' id='word_1_69' title='bbox 1753 1109 1894 1190; x_wconf 84' lang='lat' dir='ltr'>legi.</span> <span class='ocrx_word' id='word_1_70' title='bbox 1981 1109 2144 1170; x_wconf 83' lang='lat' dir='ltr'>luter</span> <span class='ocrx_word' id='word_1_71' title='bbox 2171 1109 2502 1169; x_wconf 84' lang='lat' dir='ltr'>Historieos</span> <span class='ocrx_word' id='word_1_72' title='bbox 2545 1109 2818 1180; x_wconf 82' lang='lat' dir='ltr'>refertur,</span> 
     </span>
     <span class='ocr_line' id='line_1_9' title="bbox 598 1206 2818 1287; baseline -0.001 -19"><span class='ocrx_word' id='word_1_73' title='bbox 598 1217 661 1268; x_wconf 85' lang='lat' dir='ltr'>et</span> <span class='ocrx_word' id='word_1_74' title='bbox 694 1207 1004 1287; x_wconf 78' lang='lat' dir='ltr'>diligenter</span> <span class='ocrx_word' id='word_1_75' title='bbox 1052 1207 1128 1269; x_wconf 90' lang='lat' dir='ltr'>de</span> <span class='ocrx_word' id='word_1_76' title='bbox 1154 1208 1314 1269; x_wconf 85' lang='lat' dir='ltr'>Julii</span> <span class='ocrx_word' id='word_1_77' title='bbox 1342 1208 1596 1268; x_wconf 66' lang='lat' dir='ltr'>Cesar-is</span> <span class='ocrx_word' id='word_1_78' title='bbox 1643 1210 1819 1286; x_wconf 85' lang='lat' dir='ltr'>gestis</span> <span class='ocrx_word' id='word_1_79' title='bbox 1863 1207 2166 1286; x_wconf 83' lang='lat' dir='ltr'>scripsisse</span> <span class='ocrx_word' id='word_1_80' title='bbox 2207 1208 2424 1268; x_wconf 86' lang='lat' dir='ltr'>dicitur</span> <span class='ocrx_word' id='word_1_81' title='bbox 2462 1227 2500 1267; x_wconf 83' lang='lat' dir='ltr'><strong>a</strong></span> <span class='ocrx_word' id='word_1_82' title='bbox 2531 1206 2818 1267; x_wconf 74' lang='lat' dir='ltr'>Gualtero</span> 
     </span>
     <span class='ocr_line' id='line_1_10' title="bbox 604 1303 2820 1386; baseline -0 -21"><span class='ocrx_word' id='word_1_83' title='bbox 604 1303 829 1365; x_wconf 74' lang='lat' dir='ltr'>Burleo</span> <span class='ocrx_word' id='word_1_84' title='bbox 857 1306 1085 1386; x_wconf 73' lang='lat' dir='ltr'><em>Angla,</em></span> <span class='ocrx_word' id='word_1_85' title='bbox 1131 1305 1482 1364; x_wconf 74' lang='lat' dir='ltr'>Petrarcltae</span> <span class='ocrx_word' id='word_1_86' title='bbox 1527 1303 1778 1382; x_wconf 81' lang='lat' dir='ltr'>aequali;</span> <span class='ocrx_word' id='word_1_87' title='bbox 1837 1313 1897 1364; x_wconf 90' lang='lat' dir='ltr'>et</span> <span class='ocrx_word' id='word_1_88' title='bbox 1944 1305 2184 1365; x_wconf 85' lang='lat' dir='ltr'>omnino</span> <span class='ocrx_word' id='word_1_89' title='bbox 2229 1304 2400 1366; x_wconf 75' lang='lat' dir='ltr'>valde</span> <span class='ocrx_word' id='word_1_90' title='bbox 2444 1314 2660 1378; x_wconf 81' lang='lat' dir='ltr'>errant,</span> <span class='ocrx_word' id='word_1_91' title='bbox 2715 1303 2820 1384; x_wconf 89' lang='lat' dir='ltr'>qui</span> 
     </span>
     <span class='ocr_line' id='line_1_11' title="bbox 601 1399 2819 1482; baseline -0.001 -19"><span class='ocrx_word' id='word_1_92' title='bbox 601 1399 995 1482; x_wconf 73' lang='lat' dir='ltr'>fragmentum</span> <span class='ocrx_word' id='word_1_93' title='bbox 1022 1411 1156 1462; x_wconf 83' lang='lat' dir='ltr'>aute</span> <span class='ocrx_word' id='word_1_94' title='bbox 1183 1410 1569 1462; x_wconf 84' lang='lat' dir='ltr'>memoratum</span> <span class='ocrx_word' id='word_1_95' title='bbox 1599 1399 1780 1479; x_wconf 85' lang='lat' dir='ltr'>ipsius</span> <span class='ocrx_word' id='word_1_96' title='bbox 1812 1401 2169 1463; x_wconf 75' lang='lat' dir='ltr'>Petrarcltoe</span> <span class='ocrx_word' id='word_1_97' title='bbox 2194 1422 2323 1462; x_wconf 86' lang='lat' dir='ltr'>esse</span> <span class='ocrx_word' id='word_1_98' title='bbox 2349 1402 2577 1463; x_wconf 83' lang='lat' dir='ltr'>volunt.</span> <span class='ocrx_word' id='word_1_99' title='bbox 2661 1404 2819 1463; x_wconf 81' lang='lat' dir='ltr'>Sane</span> 
     </span>
     <span class='ocr_line' id='line_1_12' title="bbox 600 1497 2820 1579; baseline 0 -19"><span class='ocrx_word' id='word_1_100' title='bbox 600 1521 674 1560; x_wconf 84' lang='lat' dir='ltr'>ex</span> <span class='ocrx_word' id='word_1_101' title='bbox 702 1501 826 1560; x_wconf 83' lang='lat' dir='ltr'>istis</span> <span class='ocrx_word' id='word_1_102' title='bbox 871 1499 1026 1561; x_wconf 76' lang='lat' dir='ltr'>Celsi</span> <span class='ocrx_word' id='word_1_103' title='bbox 1063 1499 1275 1572; x_wconf 81' lang='lat' dir='ltr'>Libris,</span> <span class='ocrx_word' id='word_1_104' title='bbox 1306 1519 1556 1579; x_wconf 89' lang='lat' dir='ltr'>quorum</span> <span class='ocrx_word' id='word_1_105' title='bbox 1596 1519 1633 1558; x_wconf 84' lang='lat' dir='ltr'><strong>a</strong></span> <span class='ocrx_word' id='word_1_106' title='bbox 1658 1498 1890 1559; x_wconf 88' lang='lat' dir='ltr'>nemine</span> <span class='ocrx_word' id='word_1_107' title='bbox 1918 1509 2052 1560; x_wconf 82' lang='lat' dir='ltr'>ante</span> <span class='ocrx_word' id='word_1_108' title='bbox 2079 1521 2188 1560; x_wconf 87' lang='lat' dir='ltr'>nos</span> <span class='ocrx_word' id='word_1_109' title='bbox 2229 1500 2573 1560; x_wconf 84' lang='lat' dir='ltr'>mentionem</span> <span class='ocrx_word' id='word_1_110' title='bbox 2603 1497 2820 1561; x_wconf 74' lang='lat' dir='ltr'>factum</span> 
     </span>
     <span class='ocr_line' id='line_1_13' title="bbox 604 1595 2819 1678; baseline -0.001 -20"><span class='ocrx_word' id='word_1_111' title='bbox 604 1597 801 1671; x_wconf 78' lang='lat' dir='ltr'>miror,</span> <span class='ocrx_word' id='word_1_112' title='bbox 846 1598 1034 1658; x_wconf 86' lang='lat' dir='ltr'>multa</span> <span class='ocrx_word' id='word_1_113' title='bbox 1068 1598 1128 1657; x_wconf 89' lang='lat' dir='ltr'>in</span> <span class='ocrx_word' id='word_1_114' title='bbox 1162 1598 1392 1657; x_wconf 74' lang='lat' dir='ltr'>Coesare</span> <span class='ocrx_word' id='word_1_115' title='bbox 1438 1597 1688 1658; x_wconf 83' lang='lat' dir='ltr'>feliciter</span> <span class='ocrx_word' id='word_1_116' title='bbox 1723 1606 1969 1675; x_wconf 83' lang='lat' dir='ltr'>possunt</span> <span class='ocrx_word' id='word_1_117' title='bbox 2008 1598 2256 1671; x_wconf 87' lang='lat' dir='ltr'>restitui,</span> <span class='ocrx_word' id='word_1_118' title='bbox 2287 1598 2446 1678; x_wconf 88' lang='lat' dir='ltr'>quod</span> <span class='ocrx_word' id='word_1_119' title='bbox 2474 1595 2819 1676; x_wconf 74' lang='lat' dir='ltr'>aliquando,</span> 
     </span>
     <span class='ocr_line' id='line_1_14' title="bbox 608 1692 2823 1776; baseline -0 -22"><span class='ocrx_word' id='word_1_120' title='bbox 608 1692 714 1756; x_wconf 72' lang='grc' dir='ltr'>σὺν</span> <span class='ocrx_word' id='word_1_121' title='bbox 768 1694 920 1775; x_wconf 72' lang='grc' dir='ltr'>Θεῷ,</span> <span class='ocrx_word' id='word_1_122' title='bbox 976 1694 1396 1755; x_wconf 86' lang='lat' dir='ltr'>ostendemus:</span> <span class='ocrx_word' id='word_1_123' title='bbox 1459 1704 1721 1755; x_wconf 88' lang='lat' dir='ltr'>ceterum</span> <span class='ocrx_word' id='word_1_124' title='bbox 1781 1695 2031 1755; x_wconf 70' lang='lat' dir='ltr'>oxonia</span> <span class='ocrx_word' id='word_1_125' title='bbox 2100 1695 2159 1754; x_wconf 91' lang='lat' dir='ltr'>in</span> <span class='ocrx_word' id='word_1_126' title='bbox 2219 1695 2480 1776; x_wconf 64' lang='lat' dir='ltr'>Collegit)</span> <span class='ocrx_word' id='word_1_127' title='bbox 2536 1693 2823 1773; x_wconf 64' lang='lat' dir='ltr'>Corporis</span> 
     </span>
     <span class='ocr_line' id='line_1_15' title="bbox 613 1791 2824 1871; baseline 0 -20"><span class='ocrx_word' id='word_1_128' title='bbox 613 1792 843 1854; x_wconf 75' lang='lat' dir='ltr'>Christi</span> <span class='ocrx_word' id='word_1_129' title='bbox 890 1793 1071 1854; x_wconf 79' lang='lat' dir='ltr'>habes</span> <span class='ocrx_word' id='word_1_130' title='bbox 1102 1791 1294 1854; x_wconf 79' lang='lat' dir='ltr'><em>MSS.</em></span> <span class='ocrx_word' id='word_1_131' title='bbox 1337 1813 1473 1853; x_wconf 88' lang='lat' dir='ltr'>cum</span> <span class='ocrx_word' id='word_1_132' title='bbox 1522 1792 1636 1853; x_wconf 81' lang='lat' dir='ltr'>hac</span> <span class='ocrx_word' id='word_1_133' title='bbox 1667 1792 2039 1871; x_wconf 83' lang='lat' dir='ltr'>Epigraphe:</span> <span class='ocrx_word' id='word_1_134' title='bbox 2099 1793 2165 1855; x_wconf 83' lang='lat' dir='ltr'>C.</span> <span class='ocrx_word' id='word_1_135' title='bbox 2192 1793 2353 1855; x_wconf 80' lang='lat' dir='ltr'>Julii</span> <span class='ocrx_word' id='word_1_136' title='bbox 2399 1791 2679 1864; x_wconf 66' lang='lat' dir='ltr'>Caesmis,</span> <span class='ocrx_word' id='word_1_137' title='bbox 2708 1809 2824 1870; x_wconf 79' lang='lat' dir='ltr'>per</span> 
     </span>
     <span class='ocr_line' id='line_1_16' title="bbox 605 1887 2823 1964; baseline -0.001 -12"><span class='ocrx_word' id='word_1_138' title='bbox 605 1891 835 1953; x_wconf 81' lang='lat' dir='ltr'>Julium</span> <span class='ocrx_word' id='word_1_139' title='bbox 869 1893 1092 1954; x_wconf 74' lang='lat' dir='ltr'>Celsum</span> <span class='ocrx_word' id='word_1_140' title='bbox 1126 1891 1576 1954; x_wconf 74' lang='lat' dir='ltr'>commentarii:</span> <span class='ocrx_word' id='word_1_141' title='bbox 1617 1901 1812 1952; x_wconf 87' lang='lat' dir='ltr'>utrum</span> <span class='ocrx_word' id='word_1_142' title='bbox 1844 1890 2121 1964; x_wconf 71' lang='lat' dir='ltr'>Caesaris,</span> <span class='ocrx_word' id='word_1_143' title='bbox 2151 1911 2226 1951; x_wconf 81' lang='lat' dir='ltr'>an</span> <span class='ocrx_word' id='word_1_144' title='bbox 2260 1891 2413 1953; x_wconf 71' lang='lat' dir='ltr'>Celsi</span> <span class='ocrx_word' id='word_1_145' title='bbox 2447 1890 2583 1962; x_wconf 84' lang='lat' dir='ltr'>sint,</span> <span class='ocrx_word' id='word_1_146' title='bbox 2617 1887 2823 1951; x_wconf 80' lang='lat' dir='ltr'>melius</span> 
     </span>
     <span class='ocr_line' id='line_1_17' title="bbox 609 1981 2198 2070; baseline 0.002 -22"><span class='ocrx_word' id='word_1_147' title='bbox 609 1988 863 2051; x_wconf 85' lang='lat' dir='ltr'>dixerint</span> <span class='ocrx_word' id='word_1_148' title='bbox 891 1993 994 2070; x_wconf 90' lang='lat' dir='ltr'>qui</span> <span class='ocrx_word' id='word_1_149' title='bbox 1021 1990 1242 2051; x_wconf 84' lang='lat' dir='ltr'>videre.</span> <span class='ocrx_word' id='word_1_150' title='bbox 2191 1981 2198 1996; x_wconf 77' lang='grc'><strong><em>’</em></strong></span> 
     </span>
    </p>
   </div>
   <div class='ocr_carea' id='block_1_3' title="bbox 1153 2184 2275 2267">
    <p class='ocr_par' dir='ltr' id='par_1_4' title="bbox 1153 2184 2275 2267">
     <span class='ocr_line' id='line_1_18' title="bbox 1153 2184 2275 2267; baseline 0.003 -22"><span class='ocrx_word' id='word_1_151' title='bbox 1153 2184 1426 2246; x_wconf 61' lang='lat' dir='ltr'>salutasti</span> <span class='ocrx_word' id='word_1_152' title='bbox 1453 2185 1872 2267; x_wconf 78' lang='lat' dir='ltr'>Prolegomeu.</span> <span class='ocrx_word' id='word_1_153' title='bbox 1897 2185 1964 2245; x_wconf 84' lang='lat' dir='ltr'>iu</span> <span class='ocrx_word' id='word_1_154' title='bbox 1989 2184 2275 2248; x_wconf 77' lang='lat' dir='ltr'>Solinum.</span> 
     </span>
    </p>
   </div>
   <div class='ocr_carea' id='block_1_4' title="bbox 600 2289 2830 3165">
    <p class='ocr_par' dir='ltr' id='par_1_5' title="bbox 600 2289 2830 3165">
     <span class='ocr_line' id='line_1_19' title="bbox 600 2289 2828 2381; baseline 0.001 -22"><span class='ocrx_word' id='word_1_155' title='bbox 600 2289 605 2292; x_wconf 36' lang='lat'>⁸</span> <span class='ocrx_word' id='word_1_156' title='bbox 694 2299 793 2360; x_wconf 90' lang='lat' dir='ltr'>Sic</span> <span class='ocrx_word' id='word_1_157' title='bbox 816 2298 1289 2379; x_wconf 80' lang='lat' dir='ltr'>Subscriptiones</span> <span class='ocrx_word' id='word_1_158' title='bbox 1310 2299 1425 2360; x_wconf 83' lang='lat' dir='ltr'>illae</span> <span class='ocrx_word' id='word_1_159' title='bbox 1443 2299 1734 2380; x_wconf 87' lang='lat' dir='ltr'>plerisque</span> <span class='ocrx_word' id='word_1_160' title='bbox 1744 2298 1906 2360; x_wconf 84' lang='lat' dir='ltr'>libris</span> <span class='ocrx_word' id='word_1_161' title='bbox 1925 2299 2140 2381; x_wconf 80' lang='lat' dir='ltr'>apponi</span> <span class='ocrx_word' id='word_1_162' title='bbox 2158 2298 2366 2371; x_wconf 71' lang='lat' dir='ltr'>solitae,</span> <span class='ocrx_word' id='word_1_163' title='bbox 2381 2317 2517 2377; x_wconf 80' lang='lat' dir='ltr'>quae</span> <span class='ocrx_word' id='word_1_164' title='bbox 2535 2307 2828 2361; x_wconf 78' lang='lat' dir='ltr'>testantur</span> 
     </span>
     <span class='ocr_line' id='line_1_20' title="bbox 612 2396 2829 2476; baseline 0 -20"><span class='ocrx_word' id='word_1_165' title='bbox 612 2397 1072 2476; x_wconf 84' lang='lat' dir='ltr'>recognitionem</span> <span class='ocrx_word' id='word_1_166' title='bbox 1121 2397 1373 2476; x_wconf 82' lang='lat' dir='ltr'>alicujus</span> <span class='ocrx_word' id='word_1_167' title='bbox 1423 2396 1850 2471; x_wconf 82' lang='lat' dir='ltr'>Emendatoris,</span> <span class='ocrx_word' id='word_1_168' title='bbox 1881 2396 1940 2457; x_wconf 91' lang='lat' dir='ltr'>in</span> <span class='ocrx_word' id='word_1_169' title='bbox 1980 2397 2252 2458; x_wconf 88' lang='lat' dir='ltr'>omnibus</span> <span class='ocrx_word' id='word_1_170' title='bbox 2279 2397 2496 2476; x_wconf 80' lang='lat' dir='ltr'>pariter</span> <span class='ocrx_word' id='word_1_171' title='bbox 2535 2396 2829 2476; x_wconf 87' lang='lat' dir='ltr'>conspici·</span> 
     </span>
     <span class='ocr_line' id='line_1_21' title="bbox 616 2493 2830 2575; baseline -0 -19"><span class='ocrx_word' id='word_1_172' title='bbox 616 2503 807 2568; x_wconf 88' lang='lat' dir='ltr'>untur,</span> <span class='ocrx_word' id='word_1_173' title='bbox 831 2495 942 2556; x_wconf 85' lang='lat' dir='ltr'>etsi</span> <span class='ocrx_word' id='word_1_174' title='bbox 968 2515 1085 2555; x_wconf 89' lang='lat' dir='ltr'>non</span> <span class='ocrx_word' id='word_1_175' title='bbox 1113 2494 1365 2557; x_wconf 83' lang='lat' dir='ltr'>eandem</span> <span class='ocrx_word' id='word_1_176' title='bbox 1395 2502 1632 2556; x_wconf 84' lang='lat' dir='ltr'>aetatem</span> <span class='ocrx_word' id='word_1_177' title='bbox 1662 2493 2143 2575; x_wconf 77' lang='lat' dir='ltr'>praeferentibus3</span> <span class='ocrx_word' id='word_1_178' title='bbox 2200 2504 2266 2555; x_wconf 90' lang='lat' dir='ltr'>ut</span> <span class='ocrx_word' id='word_1_179' title='bbox 2304 2495 2404 2555; x_wconf 85' lang='lat' dir='ltr'>illa</span> <span class='ocrx_word' id='word_1_180' title='bbox 2431 2514 2610 2574; x_wconf 82' lang='lat' dir='ltr'>quam</span> <span class='ocrx_word' id='word_1_181' title='bbox 2644 2515 2830 2575; x_wconf 81' lang='lat' dir='ltr'>nuper</span> 
     </span>
     <span class='ocr_line' id='line_1_22' title="bbox 612 2592 2830 2673; baseline 0.001 -21"><span class='ocrx_word' id='word_1_182' title='bbox 612 2593 883 2672; x_wconf 83' lang='lat' dir='ltr'>legebam</span> <span class='ocrx_word' id='word_1_183' title='bbox 900 2592 958 2653; x_wconf 87' lang='lat' dir='ltr'>in</span> <span class='ocrx_word' id='word_1_184' title='bbox 980 2593 1202 2673; x_wconf 85' lang='lat' dir='ltr'>scripto</span> <span class='ocrx_word' id='word_1_185' title='bbox 1224 2593 1448 2657; x_wconf 82' lang='lat' dir='ltr'>codice</span> <span class='ocrx_word' id='word_1_186' title='bbox 1465 2594 1722 2658; x_wconf 74' lang='lat' dir='ltr'>Caeearis</span> <span class='ocrx_word' id='word_1_187' title='bbox 1740 2596 2279 2655; x_wconf 72' lang='lat' dir='ltr'>commentariorum</span> <span class='ocrx_word' id='word_1_188' title='bbox 2297 2592 2367 2654; x_wconf 79' lang='lat' dir='ltr'>de</span> <span class='ocrx_word' id='word_1_189' title='bbox 2380 2593 2557 2653; x_wconf 84' lang='lat' dir='ltr'>Bello</span> <span class='ocrx_word' id='word_1_190' title='bbox 2571 2592 2830 2667; x_wconf 71' lang='lat' dir='ltr'>Gallico,</span> 
     </span>
     <span class='ocr_line' id='line_1_23' title="bbox 614 2690 2830 2773; baseline 0 -23"><span class='ocrx_word' id='word_1_191' title='bbox 614 2691 673 2757; x_wconf 80' lang='lat' dir='ltr'>in</span> <span class='ocrx_word' id='word_1_192' title='bbox 702 2690 860 2751; x_wconf 86' lang='lat' dir='ltr'>hune</span> <span class='ocrx_word' id='word_1_193' title='bbox 888 2691 1132 2751; x_wconf 87' lang='lat' dir='ltr'>modum</span> <span class='ocrx_word' id='word_1_194' title='bbox 1177 2691 1526 2771; x_wconf 87' lang='lat' dir='ltr'>concipitur,</span> <span class='ocrx_word' id='word_1_195' title='bbox 1551 2691 1759 2753; x_wconf 79' lang='lat' dir='ltr'>Julius</span> <span class='ocrx_word' id='word_1_196' title='bbox 1791 2692 1992 2753; x_wconf 75' lang='lat' dir='ltr'>Celsus</span> <span class='ocrx_word' id='word_1_197' title='bbox 2018 2691 2445 2752; x_wconf 75' lang='lat' dir='ltr'>Constantinus</span> <span class='ocrx_word' id='word_1_198' title='bbox 2485 2690 2550 2751; x_wconf 81' lang='lat' dir='ltr'>V.</span> <span class='ocrx_word' id='word_1_199' title='bbox 2583 2690 2654 2752; x_wconf 86' lang='lat' dir='ltr'>C.</span> <span class='ocrx_word' id='word_1_200' title='bbox 2690 2691 2830 2773; x_wconf 69' lang='lat' dir='ltr'>trgi.</span> 
     </span>
     <span class='ocr_line' id='line_1_24' title="bbox 612 2787 2830 2869; baseline 0.001 -23"><span class='ocrx_word' id='word_1_201' title='bbox 612 2789 686 2846; x_wconf 91' lang='lat' dir='ltr'>In</span> <span class='ocrx_word' id='word_1_202' title='bbox 728 2788 857 2849; x_wconf 85' lang='lat' dir='ltr'>aliis</span> <span class='ocrx_word' id='word_1_203' title='bbox 882 2788 1091 2849; x_wconf 81' lang='lat' dir='ltr'>Julius</span> <span class='ocrx_word' id='word_1_204' title='bbox 1134 2788 1331 2849; x_wconf 77' lang='lat' dir='ltr'>Celsus</span> <span class='ocrx_word' id='word_1_205' title='bbox 1373 2788 1544 2869; x_wconf 84' lang='lat' dir='ltr'>quasi</span> <span class='ocrx_word' id='word_1_206' title='bbox 1588 2792 1817 2853; x_wconf 81' lang='lat' dir='ltr'>Auctor</span> <span class='ocrx_word' id='word_1_207' title='bbox 1857 2808 2061 2851; x_wconf 88' lang='lat' dir='ltr'>eorum</span> <span class='ocrx_word' id='word_1_208' title='bbox 2102 2787 2655 2851; x_wconf 82' lang='lat' dir='ltr'>commentariorum</span> <span class='ocrx_word' id='word_1_209' title='bbox 2695 2789 2830 2849; x_wconf 88' lang='lat' dir='ltr'>sub-</span> 
     </span>
     <span class='ocr_line' id='line_1_25' title="bbox 618 2884 2827 2967; baseline -0 -21"><span class='ocrx_word' id='word_1_210' title='bbox 618 2884 910 2961; x_wconf 88' lang='lat' dir='ltr'>scribitur,</span> <span class='ocrx_word' id='word_1_211' title='bbox 931 2905 1145 2967; x_wconf 82' lang='lat' dir='ltr'>magno</span> <span class='ocrx_word' id='word_1_212' title='bbox 1170 2905 1365 2946; x_wconf 87' lang='lat' dir='ltr'>errore</span> <span class='ocrx_word' id='word_1_213' title='bbox 1390 2904 1408 2944; x_wconf 77' lang='lat' dir='ltr'>t</span> <span class='ocrx_word' id='word_1_214' title='bbox 1445 2885 1546 2965; x_wconf 90' lang='lat' dir='ltr'>qui</span> <span class='ocrx_word' id='word_1_215' title='bbox 1575 2894 1768 2947; x_wconf 82' lang='lat' dir='ltr'>tamen</span> <span class='ocrx_word' id='word_1_216' title='bbox 1803 2886 2037 2966; x_wconf 88' lang='lat' dir='ltr'>impulit</span> <span class='ocrx_word' id='word_1_217' title='bbox 2064 2886 2467 2946; x_wconf 85' lang='lat' dir='ltr'>doctissimum</span> <span class='ocrx_word' id='word_1_218' title='bbox 2495 2905 2620 2945; x_wconf 82' lang='lat' dir='ltr'>suae</span> <span class='ocrx_word' id='word_1_219' title='bbox 2640 2885 2827 2946; x_wconf 76' lang='lat' dir='ltr'>aetatis</span> 
     </span>
     <span class='ocr_line' id='line_1_26' title="bbox 617 2981 2827 3062; baseline 0.002 -22"><span class='ocrx_word' id='word_1_220' title='bbox 617 2982 905 3043; x_wconf 88' lang='lat' dir='ltr'>Criticum</span> <span class='ocrx_word' id='word_1_221' title='bbox 944 2982 1268 3062; x_wconf 74' lang='lat' dir='ltr'>(Lipsium)</span> <span class='ocrx_word' id='word_1_222' title='bbox 1296 2993 1363 3043; x_wconf 86' lang='lat' dir='ltr'>ut</span> <span class='ocrx_word' id='word_1_223' title='bbox 1386 2981 1686 3044; x_wconf 81' lang='lat' dir='ltr'>dubitaret</span> <span class='ocrx_word' id='word_1_224' title='bbox 1713 3004 1790 3045; x_wconf 84' lang='lat' dir='ltr'>an</span> <span class='ocrx_word' id='word_1_225' title='bbox 1835 2984 1997 3048; x_wconf 73' lang='lat' dir='ltr'>Juliz·</span> <span class='ocrx_word' id='word_1_226' title='bbox 2028 2982 2282 3047; x_wconf 72' lang='lat' dir='ltr'>Gaesaris</span> <span class='ocrx_word' id='word_1_227' title='bbox 2319 2992 2513 3046; x_wconf 75' lang='lat' dir='ltr'>esseut</span> <span class='ocrx_word' id='word_1_228' title='bbox 2541 2981 2625 3048; x_wconf 80' lang='lat' dir='ltr'>illi</span> <span class='ocrx_word' id='word_1_229' title='bbox 2668 3002 2827 3049; x_wconf 78' lang='lat' dir='ltr'>com·</span> 
     </span>
     <span class='ocr_line' id='line_1_27' title="bbox 620 3080 1572 3165; baseline 0.005 -25"><span class='ocrx_word' id='word_1_230' title='bbox 620 3081 907 3155; x_wconf 81' lang='lat' dir='ltr'>mentarii,</span> <span class='ocrx_word' id='word_1_231' title='bbox 934 3091 996 3143; x_wconf 86' lang='lat' dir='ltr'>et</span> <span class='ocrx_word' id='word_1_232' title='bbox 1022 3102 1138 3142; x_wconf 89' lang='lat' dir='ltr'>non</span> <span class='ocrx_word' id='word_1_233' title='bbox 1167 3080 1367 3165; x_wconf 88' lang='lat' dir='ltr'>potius</span> <span class='ocrx_word' id='word_1_234' title='bbox 1399 3081 1572 3145; x_wconf 70' lang='lat' dir='ltr'>celsi.</span> 
     </span>
    </p>
   </div>
   <div class='ocr_carea' id='block_1_5' title="bbox 3062 824 3073 2661">
    <p class='ocr_par' dir='ltr' id='par_1_6' title="bbox 3062 824 3073 2661">
     <span class='ocr_line' id='line_1_28' title="bbox 3062 824 3073 2661; baseline 0 0"><span class='ocrx_word' id='word_1_235' title='bbox 3062 824 3073 2661; x_wconf 95' lang='lat' dir='ltr'> </span> 
     </span>
    </p>
   </div>
  </div>
 </body>
</html>
