3117 5025
944 372 1043 424 ns
1087 371 1270 424 vrrs,
1312 369 1521 424 sunu
1576 369 1935 424 cassate.
2368 350 2543 426 1⁷2⁶

312 515 716 597 'quamobrem
744 513 1017 578 resistere
1038 514 1206 576 vobis
1232 535 1353 576 nou
1379 523 1469 578 est
1492 516 1679 577 nostri
1704 512 2025 596 propositi:
2069 514 2176 576 sed
2199 513 2544 596 infpotesta-

308 623 444 678 -tem
473 621 731 676 vestram
759 633 866 674 nos
891 624 951 674 et
976 622 1175 674 nostra
1204 612 1657 674 committimus:
1704 633 1881 675 unum
1917 614 2033 675 hoc
2062 613 2462 694 exposcimus,
2485 611 2541 673 si

322 720 494 772 tanta
541 721 636 772 est
664 712 1109 774 clementia-tua
1153 713 1373 784 Caesar,
1403 722 1625 790 quanta
1672 709 1829 771 fama
1871 712 2149 791 loquitur,
2201 711 2250 772 si
2276 711 2538 774 ‚salutem

320 809 497 869 nobis
522 809 748 883 tribuis,
780 819 848 869 ut
888 829 1049 871 arma
1096 829 1214 870 non
1259 808 1516 870 auferas:
1562 808 1739 868 vicini
1767 809 1920 888 enim
1961 809 2140 870 nostri
2181 828 2382 870 omues
2411 807 2534 870 fere

322 925 432 965 nos
460 905 740 979 oderunt,
772 905 1060 988 uobisque
1087 907 1372 980 invident,
1400 905 1684 985 aquibus
1723 926 1834 966 nos
1869 907 2095 967 amissis
2135 907 2310 990 armis
2336 914 2535 984 prote.-

320 1022 455 1083 gere
482 1023 886 1093 nequeamus:
922 1006 1185 1086 alioquin
1213 1005 1535 1084 optabilius
1564 1013 1673 1077 est,
1715 1003 2005 1084 quidquid
2036 1003 2268 1064 libuerit
2296 1022 2332 1061 a
2360 1001 2527 1062 vobis

320 1100 540 1161 talibus
570 1103 705 1162 viris
734 1103 882 1183 pati,
911 1123 1091 1183 quam
1120 1102 1427 1182 suppliciis
1455 1101 1530 1164 sd
1556 1121 1762 1162 necem
1789 1100 1929 1162 dedi
1956 1102 2033 1161 ab
2062 1101 2153 1172 iis,
2186 1100 2400 1178 quibus
2426 1098 2538 1160 im·

315 1215 525 1277 perure
572 1201 1020 1262 consuevimus.'
1101 1200 1198 1260 Ad
1251 1199 1382 1259 haec
1414 1200 1649 1260 Caesar:
1695 1199 2104 1269 ‘Servassem,'
2130 1196 2343 1275 inquit,
2385 1202 2534 1256 ‘vos

314 1294 600 1356 libentius
630 1296 681 1356 si
708 1317 815 1358 vos
840 1298 1143 1358 dedissetis
1193 1307 1507 1376 antequam
1554 1295 1736 1355 muris
1780 1295 2080 1356 machinas
2121 1295 2525 1356 admoverem:

316 1390 421 1452 sed
451 1400 516 1451 et
543 1412 703 1454 nunc
731 1395 978 1454 servabo
1007 1393 1310 1473 magisque
1336 1393 1397 1452 in
1425 1392 1594 1452 vobis
1634 1402 1916 1466 naturam,
1941 1412 2282 1472 moremque
2313 1411 2529 1463 meum,

319 1508 500 1570 quam
532 1491 805 1551 meritum
833 1501 1090 1552 vestrum
1118 1510 1352 1570 sequar.
1435 1490 1527 1551 Ita
1556 1498 1749 1552 tamen
1786 1498 1850 1550 ut
1879 1490 2000 1550 sine
2028 1507 2321 1550 armorum
2348 1487 2532 1548 tradi-

318 1587 474 1649 tione
503 1588 738 1649 deditio
762 1609 879 1648 non
908 1573 1213 1667 procedat.
1296 1587 1454 1672 Nam
1492 1585 1654 1666 quod
1699 1586 1771 1647 de
1799 1587 1939 1647 odio
1967 1587 2297 1647 vicinorum
2327 1586 2526 1646 dicitis

315 1683 651 1746 curandum
699 1686 840 1747 mihi
898 1687 1172 1765 linquite:
1214 1706 1324 1765 ego
1378 1684 1748 1745 indemnitati
1802 1694 2009 1745 vestrae
2063 1684 2411 1764 providebo,
2463 1692 2529 1744 ut

311 1779 662 1841 Nerviorum
692 1782 937 1862 providi,
974 1782 1247 1860 jubendo
1290 1780 1551 1842 finitimis
1593 1801 1669 1841 ne
1710 1801 1815 1841 vos
1843 1781 2080 1841 laedant.
2162 1781 2343 1841 Jussu
2372 1800 2525 1852 meo,

311 1898 491 1958 quam
545 1880 753 1940 vestris
803 1881 975 1939 armis
1000 1880 1159 1940 eritis
1188 1880 1470 1941 tutiores.’
1561 1879 1694 1939 Hoc
1743 1887 2048 1960 praecepto
2098 1877 2184 1938 vis
2229 1896 2523 1937 armorum

309 1972 518 2055 ingens
550 1975 792 2036 tradita:
837 1976 937 2037 sed
988 1987 1050 2036 et
1089 1997 1300 2057 magna
1345 1994 1479 2056 pars
1514 1983 1763 2049 retenta,
1793 1987 1974 2054 atque
2000 1974 2223 2046 abdita,
2256 1983 2320 2035 ut
2346 1974 2424 2035 ab
2453 1974 2522 2034 iis

312 2074 417 2151 qni
446 2083 615 2134 metu
644 2073 801 2144 belli,
851 2094 967 2134 non
1006 2094 1202 2134 amore
1231 2075 1393 2154 pacis
1440 2077 1786 2156 agebantur,
1818 2072 2100 2146 traditum
2130 2091 2369 2153 quoque
2398 2070 2525 2152 opi-

310 2167 475 2230 dum.
562 2170 638 2230 Et
691 2170 921 2248 quietus
949 2170 1043 2230 ille
1070 2171 1192 2231 dies
1222 2172 1365 2244 suit:
1411 2184 1586 2234 nocte
1616 2172 1879 2252 proxima
1908 2172 2111 2231 Caesar
2138 2170 2344 2229 milites
2377 2189 2514 2230 suos

290 2265 488 2327 'muris
537 2268 740 2346 egredi
781 2267 1094 2347 claudique
1139 2278 1342 2350 portas
1379 2269 1658 2348 jusserat,
1703 2290 1778 2330 ne
1826 2268 1969 2348 quid
2014 2268 2243 2345 injuriae
2278 2267 2435 2327 cives
2484 2285 2520 2326 a

306 2363 595 2424 militibus
625 2374 989 2443 paterentur:
1031 2365 1164 2444 [53]
1213 2365 1315 2426 sed
1361 2367 1497 2428 huic
1530 2355 1818 2427 Casssareae
1846 2365 2048 2444 pietati
2081 2365 2330 2425 hostium
2361 2364 2517 2425 fraus

307 2459 339 2490 ⁶
365 2462 606 2523 obictus
632 2472 772 2525 erat.
859 2465 1066 2543 Itaque
1099 2464 1401 2526 barbarica
1428 2464 1719 2527 ⁸⁵lenitate
1749 2471 1975 2525 mutato
2011 2473 2248 2543 repente
2272 2462 2518 2524 consilio

280 2556 697 2622 'rebellarunt:
736 2581 928 2641 neque
958 2562 1164 2623 victori
1195 2562 1440 2641 opidum
1469 2563 1782 2624 abstulisse
1810 2562 2095 2634 contenti,
2122 2571 2315 2622 castra
2342 2562 2517 2620 etiam

304 2656 593 2729 invasere,
622 2668 787 2718 tanto
816 2659 1056 2737 impetu,
1086 2667 1369 2739 tantoque
1412 2659 1644 2732 ardore,
1693 2680 1807 2721 non
1855 2657 2034 2719 modo
2065 2665 2268 2718 eontra
2298 2658 2516 2717 Roma-

288 2744 436 2813 ‘nam
490 2755 788 2827 virtutem,
841 2756 944 2815 sed
992 2768 1196 2817 contra
1251 2757 1612 2837 iniquitatem
1660 2757 1837 2818 etiam
1887 2757 2172 2826 locorum,
2230 2763 2292 2813 ut
2346 2753 2515 2813 facile

303 2862 575 2930 apparet,
624 2851 995 2931 desperantes
1037 2854 1112 2913 de
1158 2853 1339 2914 salute
1366 2872 1650 2934 pugnare.
1735 2855 1825 2913 Eo
1853 2870 2165 2930 congressu
2193 2871 2264 2910 ex
2295 2849 2407 2909 illis
2436 2850 2510 2909 ad

304 2960 567 3026 quatuor
594 2949 750 3009 milia
778 2949 1078 3011 cecidere:
1124 2951 1347 3031 caeteris
1391 2951 1543 3013 intra
1573 2950 1814 3030 opidum
1846 2949 2194 3028 compulsis:
2243 2947 2326 3007 sic
2355 2947 2513 3007 omni

280 3046 536 3123 'penitus
568 3066 676 3125 spe
702 3046 940 3123 abjecta
989 3059 1053 3108 ut
1101 3048 1196 3109 die
1225 3049 1491 3127 proxima
1529 3036 1936 3128 frangentibus
1985 3055 2187 3126 portas
2231 3045 2510 3105 Romanis
2595 3038 2604 3043 ”

300 3142 501 3202 nullus
559 3142 874 3204 obstiterit:
934 3154 1174 3223 captum
1228 3145 1492 3224 opidum,
1551 3143 1940 3225 ⁸⁶venditque
1976 3163 2200 3216 omnes,
2260 3163 2510 3221 quorum

300 3239 536 3298 turbam
568 3240 989 3320 quinquaginta
1030 3242 1206 3302 trium
1249 3243 1473 3325 milium
1506 3262 1812 3303 numerum
1840 3242 2109 3321 implesse
2138 3249 2508 3319 compertum

299 3334 433 3396 fuit.
518 3335 633 3396 Per
660 3336 893 3397 eosdem
929 3337 1052 3398 dies
1080 3358 1118 3399 a
1144 3326 1336 3417 legato
1378 3339 1628 3401 Caesaris
1657 3341 1723 3399 P.
1755 3339 1992 3408 Crasso,
2019 3357 2196 3416 quem
2225 3335 2403 3398 modo
2431 3335 2507 3396 ad

297 3431 580 3504 Venetos,
634 3432 895 3513 aliosque
943 3426 1317 3514 quamplures
1373 3435 1646 3516 populos,
1703 3435 1805 3514 qui
1858 3443 2179 3495 extremum
2226 3433 2508 3517 accolunt

299 3529 614 3598 Oceanum
666 3532 1049 3609 praemiserat,
1092 3533 1414 3606 nuntiatur,
1463 3552 1669 3593 omnes
1714 3532 1842 3591 illas
1889 3542 2091 3610 gentes
2136 3540 2343 3610 sponte
2393 3529 2506 3619 sub

298 3624 633 3686 Romanum
662 3627 965 3706 imperium
992 3620 1242 3690 'venisse
1322 3631 1458 3690 Jam
1486 3628 1562 3688 ad
1593 3629 1903 3701 Barbaros,
1927 3628 2029 3708 qui
2050 3640 2203 3687 trans
2231 3627 2504 3713 Rhenum

294 3721 587 3794 habitant,
617 3724 900 3784 Romana:
932 3727 1336 3804 Caesareaeque
1381 3725 1610 3786 virtutis
1659 3735 1718 3786 et
1761 3706 2087 3786 clemen‘tiae
2115 3724 2273 3783 fama
2301 3744 2506 3803 perve-

294 3828 483 3890 nerat,
532 3819 742 3879 ⁸⁷adeo
769 3821 1203 3900 percrebuerat,
1252 3831 1318 3881 ut
1363 3841 1565 3881 omnes
1615 3824 1769 3883 ultro
1811 3822 1885 3883 ad
1937 3822 2231 3883 caesarem
2279 3822 2502 3903 legatos

266 3912 630 3977 unitterent:
662 3919 765 3997 qui
793 3939 855 3989 se
882 3930 944 3979 et
970 3918 1213 3980 daturos
1241 3919 1480 3983 obsides
1502 3928 1565 3980 et
1579 3919 1753 3998 jussa
1779 3918 2036 3981 facturos
2064 3919 2505 4000 ⁸⁸sponderunt,

283 4159 650 4309 {2222
662 4163 1007 4229 leniam-so
1060 4169 1224 4235 Lege,
1269 4168 1679 4236 mmm—s:
1731 4167 1909 4233 rorte,
1946 4168 2301 4233 adaequa—88
2347 4165 2504 4228 nege,
