<?xml version="1.0" encoding="UTF-8"?>
<!DOCTYPE html PUBLIC "-//W3C//DTD XHTML 1.0 Transitional//EN"
    "http://www.w3.org/TR/xhtml1/DTD/xhtml1-transitional.dtd">
<html xmlns="http://www.w3.org/1999/xhtml" xml:lang="en" lang="en">
 <head>
  <title>
</title>
<meta http-equiv="Content-Type" content="text/html;charset=utf-8" />
  <meta name='ocr-system' content='tesseract 3.04.00' />
  <meta name='ocr-capabilities' content='ocr_page ocr_carea ocr_par ocr_line ocrx_word'/>
</head>
<body>
  <div class='ocr_page' id='page_1' title='image "./cjuliicaesariso00caesgoog/cjuliicaesariso00caesgoog_0390.png"; bbox 0 0 3117 5025; ppageno 0'>
   <div class='ocr_carea' id='block_1_1' title="bbox 577 432 2133 503">
    <p class='ocr_par' dir='ltr' id='par_1_1' title="bbox 577 432 2133 503">
     <span class='ocr_line' id='line_1_1' title="bbox 577 432 2133 503; baseline -0.004 0"><span class='ocrx_word' id='word_1_1' title='bbox 577 432 754 503; x_wconf 65' lang='lat' dir='ltr'><strong>m</strong></span> <span class='ocrx_word' id='word_1_2' title='bbox 1261 446 1651 500; x_wconf 73' lang='lat' dir='ltr'><strong>Racunsus</strong></span> <span class='ocrx_word' id='word_1_3' title='bbox 1700 446 2133 497; x_wconf 65' lang='lat' dir='ltr'><strong>nutrior-wir</strong></span> 
     </span>
    </p>
   </div>
   <div class='ocr_carea' id='block_1_2' title="bbox 471 594 2795 4384">
    <p class='ocr_par' dir='ltr' id='par_1_2' title="bbox 663 594 2790 1268">
     <span class='ocr_line' id='line_1_2' title="bbox 668 594 2783 681; baseline -0.005 -16"><span class='ocrx_word' id='word_1_4' title='bbox 668 603 1084 666; x_wconf 77' lang='lat' dir='ltr'><strong>commentarii</strong></span> <span class='ocrx_word' id='word_1_5' title='bbox 1120 620 1270 662; x_wconf 80' lang='lat' dir='ltr'><strong>xiv,</strong></span> <span class='ocrx_word' id='word_1_6' title='bbox 1334 604 1567 681; x_wconf 80' lang='lat' dir='ltr'>Nempe</span> <span class='ocrx_word' id='word_1_7' title='bbox 1586 605 1662 662; x_wconf 89' lang='lat' dir='ltr'><strong>C.</strong></span> <span class='ocrx_word' id='word_1_8' title='bbox 1690 603 1748 662; x_wconf 83' lang='lat' dir='ltr'><strong>J.</strong></span> <span class='ocrx_word' id='word_1_9' title='bbox 1780 601 1934 660; x_wconf 54' lang='lat' dir='ltr'><strong>Cass.</strong></span> <span class='ocrx_word' id='word_1_10' title='bbox 1964 600 2041 660; x_wconf 81' lang='lat' dir='ltr'><strong>de</strong></span> <span class='ocrx_word' id='word_1_11' title='bbox 2078 599 2247 658; x_wconf 69' lang='lat' dir='ltr'><strong>bello</strong></span> <span class='ocrx_word' id='word_1_12' title='bbox 2260 594 2429 659; x_wconf 81' lang='lat' dir='ltr'><strong>Gall..</strong></span> <span class='ocrx_word' id='word_1_13' title='bbox 2461 598 2783 659; x_wconf 80' lang='lat' dir='ltr'><strong>comment.</strong></span> 
     </span>
     <span class='ocr_line' id='line_1_3' title="bbox 666 694 2787 762; baseline -0.001 -3"><span class='ocrx_word' id='word_1_14' title='bbox 666 716 798 762; x_wconf 80' lang='lat' dir='ltr'><strong>vlt.</strong></span> <span class='ocrx_word' id='word_1_15' title='bbox 841 705 914 761; x_wconf 83' lang='lat' dir='ltr'><strong>A.</strong></span> <span class='ocrx_word' id='word_1_16' title='bbox 948 701 1121 761; x_wconf 80' lang='lat' dir='ltr'>Hirtii</span> <span class='ocrx_word' id='word_1_17' title='bbox 1149 700 1225 759; x_wconf 82' lang='lat' dir='ltr'><strong>‹le</strong></span> <span class='ocrx_word' id='word_1_18' title='bbox 1253 700 1460 758; x_wconf 85' lang='lat' dir='ltr'><strong>eodem</strong></span> <span class='ocrx_word' id='word_1_19' title='bbox 1491 700 1643 759; x_wconf 90' lang='lat' dir='ltr'><strong>liber</strong></span> <span class='ocrx_word' id='word_1_20' title='bbox 1676 714 1723 758; x_wconf 88' lang='lat'><strong>1.</strong></span> <span class='ocrx_word' id='word_1_21' title='bbox 1789 698 1862 757; x_wconf 91' lang='lat' dir='ltr'><strong>C.</strong></span> <span class='ocrx_word' id='word_1_22' title='bbox 1893 699 1950 757; x_wconf 93' lang='lat' dir='ltr'><strong>J.</strong></span> <span class='ocrx_word' id='word_1_23' title='bbox 1981 699 2137 756; x_wconf 79' lang='lat' dir='ltr'><strong>Caes.</strong></span> <span class='ocrx_word' id='word_1_24' title='bbox 2168 696 2244 755; x_wconf 85' lang='lat' dir='ltr'><strong>de</strong></span> <span class='ocrx_word' id='word_1_25' title='bbox 2275 694 2589 755; x_wconf 80' lang='lat' dir='ltr'><strong>bello·Civ.</strong></span> <span class='ocrx_word' id='word_1_26' title='bbox 2619 695 2787 757; x_wconf 83' lang='lat' dir='ltr'><strong>Pom-</strong></span> 
     </span>
     <span class='ocr_line' id='line_1_4' title="bbox 664 791 2786 879; baseline -0.004 -21"><span class='ocrx_word' id='word_1_27' title='bbox 664 800 878 879; x_wconf 81' lang='lat' dir='ltr'><strong>peiano</strong></span> <span class='ocrx_word' id='word_1_28' title='bbox 920 799 1152 858; x_wconf 84' lang='lat' dir='ltr'><strong>Corum.</strong></span> <span class='ocrx_word' id='word_1_29' title='bbox 1185 814 1295 857; x_wconf 87' lang='lat'><strong>111.</strong></span> <span class='ocrx_word' id='word_1_30' title='bbox 1371 804 1446 855; x_wconf 86' lang='grc' dir='ltr'><strong>Α.</strong></span> <span class='ocrx_word' id='word_1_31' title='bbox 1495 795 1671 854; x_wconf 79' lang='lat' dir='ltr'><strong>Hirtii</strong></span> <span class='ocrx_word' id='word_1_32' title='bbox 1698 794 1776 854; x_wconf 88' lang='lat' dir='ltr'><strong>de</strong></span> <span class='ocrx_word' id='word_1_33' title='bbox 1823 794 1979 852; x_wconf 87' lang='lat' dir='ltr'><strong>bello</strong></span> <span class='ocrx_word' id='word_1_34' title='bbox 2024 794 2194 852; x_wconf 81' lang='lat' dir='ltr'><strong>Alex.</strong></span> <span class='ocrx_word' id='word_1_35' title='bbox 2238 794 2385 852; x_wconf 83' lang='lat' dir='ltr'><strong>liber</strong></span> <span class='ocrx_word' id='word_1_36' title='bbox 2434 808 2480 850; x_wconf 89' lang='lat'><strong>1.</strong></span> <span class='ocrx_word' id='word_1_37' title='bbox 2526 791 2609 851; x_wconf 82' lang='lat' dir='ltr'><strong>de</strong></span> <span class='ocrx_word' id='word_1_38' title='bbox 2638 792 2786 850; x_wconf 85' lang='lat' dir='ltr'><strong>bello</strong></span> 
     </span>
     <span class='ocr_line' id='line_1_5' title="bbox 668 889 2790 973; baseline -0.004 -17"><span class='ocrx_word' id='word_1_39' title='bbox 668 897 797 956; x_wconf 80' lang='lat' dir='ltr'><strong>Afr.</strong></span> <span class='ocrx_word' id='word_1_40' title='bbox 828 896 973 955; x_wconf 87' lang='lat' dir='ltr'><strong>liber</strong></span> <span class='ocrx_word' id='word_1_41' title='bbox 1004 914 1050 955; x_wconf 86' lang='grc' dir='ltr'><strong>ι.</strong></span> <span class='ocrx_word' id='word_1_42' title='bbox 1082 897 1157 954; x_wconf 84' lang='lat' dir='ltr'><strong>de</strong></span> <span class='ocrx_word' id='word_1_43' title='bbox 1189 894 1344 954; x_wconf 86' lang='lat' dir='ltr'><strong>bello</strong></span> <span class='ocrx_word' id='word_1_44' title='bbox 1367 896 1540 973; x_wconf 84' lang='lat' dir='ltr'><strong>Hisp.</strong></span> <span class='ocrx_word' id='word_1_45' title='bbox 1582 894 1727 952; x_wconf 87' lang='lat' dir='ltr'><strong>liber</strong></span> <span class='ocrx_word' id='word_1_46' title='bbox 1747 908 1794 951; x_wconf 91' lang='lat'><strong>1.</strong></span> <span class='ocrx_word' id='word_1_47' title='bbox 1836 892 2057 951; x_wconf 89' lang='lat' dir='ltr'><strong>Omnia</strong></span> <span class='ocrx_word' id='word_1_48' title='bbox 2077 891 2305 951; x_wconf 85' lang='lat' dir='ltr'><strong>collatis</strong></span> <span class='ocrx_word' id='word_1_49' title='bbox 2333 890 2587 968; x_wconf 79' lang='lat' dir='ltr'><strong>antiquis</strong></span> <span class='ocrx_word' id='word_1_50' title='bbox 2607 889 2790 948; x_wconf 81' lang='lat' dir='ltr'><strong>msstis</strong></span> 
     </span>
     <span class='ocr_line' id='line_1_6' title="bbox 664 986 2785 1074; baseline -0.004 -21"><span class='ocrx_word' id='word_1_51' title='bbox 664 994 1117 1074; x_wconf 80' lang='lat' dir='ltr'><strong>exemplaribus,</strong></span> <span class='ocrx_word' id='word_1_52' title='bbox 1148 1013 1283 1071; x_wconf 83' lang='lat' dir='ltr'><strong>quae</strong></span> <span class='ocrx_word' id='word_1_53' title='bbox 1313 996 1534 1071; x_wconf 85' lang='lat' dir='ltr'><strong>passim</strong></span> <span class='ocrx_word' id='word_1_54' title='bbox 1567 991 1626 1071; x_wconf 82' lang='lat' dir='ltr'><strong>in</strong></span> <span class='ocrx_word' id='word_1_55' title='bbox 1657 991 1844 1062; x_wconf 81' lang='lat' dir='ltr'><strong>ltalia,</strong></span> <span class='ocrx_word' id='word_1_56' title='bbox 1874 990 2073 1049; x_wconf 87' lang='lat' dir='ltr'><strong>Gallia</strong></span> <span class='ocrx_word' id='word_1_57' title='bbox 2102 999 2164 1048; x_wconf 88' lang='lat' dir='ltr'><strong>et</strong></span> <span class='ocrx_word' id='word_1_58' title='bbox 2191 988 2511 1049; x_wconf 82' lang='lat' dir='ltr'><strong>Germania</strong></span> <span class='ocrx_word' id='word_1_59' title='bbox 2539 986 2785 1047; x_wconf 71' lang='lat' dir='ltr'><strong>inve-ire</strong></span> 
     </span>
     <span class='ocr_line' id='line_1_7' title="bbox 666 1083 2787 1170; baseline -0.002 -20"><span class='ocrx_word' id='word_1_60' title='bbox 666 1091 989 1170; x_wconf 86' lang='lat' dir='ltr'><strong>potuimus,</strong></span> <span class='ocrx_word' id='word_1_61' title='bbox 1019 1092 1218 1161; x_wconf 86' lang='lat' dir='ltr'><strong>docte,</strong></span> <span class='ocrx_word' id='word_1_62' title='bbox 1247 1093 1526 1149; x_wconf 81' lang='lat' dir='ltr'><strong>accurate</strong></span> <span class='ocrx_word' id='word_1_63' title='bbox 1553 1090 1617 1146; x_wconf 85' lang='lat' dir='ltr'><strong>et</strong></span> <span class='ocrx_word' id='word_1_64' title='bbox 1641 1087 1949 1147; x_wconf 80' lang='lat' dir='ltr'><strong>emendate</strong></span> <span class='ocrx_word' id='word_1_65' title='bbox 1971 1087 2237 1145; x_wconf 86' lang='lat' dir='ltr'><strong>restituta</strong></span> <span class='ocrx_word' id='word_1_66' title='bbox 2263 1108 2280 1156; x_wconf 72' lang='grc' dir='ltr'>ς</span> <span class='ocrx_word' id='word_1_67' title='bbox 2322 1094 2507 1162; x_wconf 89' lang='lat' dir='ltr'><strong>prout</strong></span> <span class='ocrx_word' id='word_1_68' title='bbox 2532 1083 2787 1163; x_wconf 78' lang='lat' dir='ltr'><strong>proxima</strong></span> 
     </span>
     <span class='ocr_line' id='line_1_8' title="bbox 663 1183 2788 1268; baseline -0.003 -19"><span class='ocrx_word' id='word_1_69' title='bbox 663 1189 873 1268; x_wconf 82' lang='lat' dir='ltr'><strong>pagina</strong></span> <span class='ocrx_word' id='word_1_70' title='bbox 927 1187 1237 1248; x_wconf 88' lang='lat' dir='ltr'><strong>indicatur.</strong></span> <span class='ocrx_word' id='word_1_71' title='bbox 1325 1187 1592 1266; x_wconf 79' lang='lat' dir='ltr'><strong>Eutropii</strong></span> <span class='ocrx_word' id='word_1_72' title='bbox 1651 1187 1925 1264; x_wconf 86' lang='lat' dir='ltr'><strong>Epitome</strong></span> <span class='ocrx_word' id='word_1_73' title='bbox 1978 1186 2115 1245; x_wconf 87' lang='lat' dir='ltr'><strong>belli</strong></span> <span class='ocrx_word' id='word_1_74' title='bbox 2164 1185 2376 1245; x_wconf 80' lang='lat' dir='ltr'><strong>Gallici</strong></span> <span class='ocrx_word' id='word_1_75' title='bbox 2420 1204 2492 1243; x_wconf 84' lang='lat' dir='ltr'><strong>cx</strong></span> <span class='ocrx_word' id='word_1_76' title='bbox 2538 1183 2788 1245; x_wconf 82' lang='lat' dir='ltr'><strong>Suetonii</strong></span> 
     </span>
    </p>

    <p class='ocr_par' dir='ltr' id='par_1_3' title="bbox 593 1282 2791 1365">
     <span class='ocr_line' id='line_1_9' title="bbox 593 1282 2791 1365; baseline -0.002 -19"><span class='ocrx_word' id='word_1_77' title='bbox 593 1332 600 1337; x_wconf 91' lang='lat'>-</span> <span class='ocrx_word' id='word_1_78' title='bbox 664 1286 1000 1365; x_wconf 75' lang='lat' dir='ltr'><strong>Tranquilli</strong></span> <span class='ocrx_word' id='word_1_79' title='bbox 1044 1286 1453 1353; x_wconf 80' lang='lat' dir='ltr'><strong>monumentis,</strong></span> <span class='ocrx_word' id='word_1_80' title='bbox 1485 1305 1621 1363; x_wconf 82' lang='lat' dir='ltr'><strong>quae</strong></span> <span class='ocrx_word' id='word_1_81' title='bbox 1651 1285 2080 1344; x_wconf 77' lang='lat' dir='ltr'><strong>desiderantur.</strong></span> <span class='ocrx_word' id='word_1_82' title='bbox 2150 1285 2304 1344; x_wconf 89' lang='lat' dir='ltr'><strong>Cum</strong></span> <span class='ocrx_word' id='word_1_83' title='bbox 2337 1282 2585 1343; x_wconf 86' lang='lat' dir='ltr'><strong>doctiss.</strong></span> <span class='ocrx_word' id='word_1_84' title='bbox 2616 1302 2791 1343; x_wconf 80' lang='lat' dir='ltr'><strong>anuo·</strong></span> 
     </span>
    </p>

    <p class='ocr_par' dir='ltr' id='par_1_4' title="bbox 593 1380 2793 1752">
     <span class='ocr_line' id='line_1_10' title="bbox 593 1380 2788 1454; baseline -0.002 -11"><span class='ocrx_word' id='word_1_85' title='bbox 593 1426 600 1433; x_wconf 81' lang='lat'>-</span> <span class='ocrx_word' id='word_1_86' title='bbox 662 1384 986 1444; x_wconf 87' lang='lat' dir='ltr'><strong>tationibus</strong></span> <span class='ocrx_word' id='word_1_87' title='bbox 1039 1385 1117 1443; x_wconf 87' lang='lat' dir='ltr'><strong>H.</strong></span> <span class='ocrx_word' id='word_1_88' title='bbox 1158 1382 1460 1453; x_wconf 85' lang='lat' dir='ltr'><strong>Glareani,</strong></span> <span class='ocrx_word' id='word_1_89' title='bbox 1518 1384 1585 1443; x_wconf 86' lang='lat' dir='ltr'><strong>F.</strong></span> <span class='ocrx_word' id='word_1_90' title='bbox 1616 1383 2001 1454; x_wconf 86' lang='lat' dir='ltr'><strong>Hotomanni,</strong></span> <span class='ocrx_word' id='word_1_91' title='bbox 2060 1382 2226 1441; x_wconf 82' lang='lat' dir='ltr'><strong>Fulv.</strong></span> <span class='ocrx_word' id='word_1_92' title='bbox 2278 1381 2477 1442; x_wconf 85' lang='lat' dir='ltr'><strong>Ursini</strong></span> <span class='ocrx_word' id='word_1_93' title='bbox 2526 1380 2788 1450; x_wconf 86' lang='lat' dir='ltr'><strong>Romani,</strong></span> 
     </span>
     <span class='ocr_line' id='line_1_11' title="bbox 665 1478 2789 1552; baseline -0.003 -11"><span class='ocrx_word' id='word_1_94' title='bbox 665 1481 800 1541; x_wconf 86' lang='lat' dir='ltr'><strong>Aldi</strong></span> <span class='ocrx_word' id='word_1_95' title='bbox 830 1481 1103 1552; x_wconf 87' lang='lat' dir='ltr'><strong>Manutii‚</strong></span> <span class='ocrx_word' id='word_1_96' title='bbox 1120 1481 1184 1540; x_wconf 87' lang='lat' dir='ltr'><strong>P.</strong></span> <span class='ocrx_word' id='word_1_97' title='bbox 1207 1483 1272 1541; x_wconf 88' lang='lat' dir='ltr'><strong>F.</strong></span> <span class='ocrx_word' id='word_1_98' title='bbox 1319 1483 1408 1540; x_wconf 86' lang='lat' dir='ltr'><strong>Ex</strong></span> <span class='ocrx_word' id='word_1_99' title='bbox 1437 1500 1641 1540; x_wconf 83' lang='lat' dir='ltr'><strong>museo</strong></span> <span class='ocrx_word' id='word_1_100' title='bbox 1668 1480 1879 1541; x_wconf 87' lang='lat' dir='ltr'><strong>Jacobi</strong></span> <span class='ocrx_word' id='word_1_101' title='bbox 1907 1481 2156 1551; x_wconf 82' lang='lat' dir='ltr'><strong>Stradae,</strong></span> <span class='ocrx_word' id='word_1_102' title='bbox 2180 1478 2509 1548; x_wconf 77' lang='lat' dir='ltr'><strong>Mantuani,</strong></span> <span class='ocrx_word' id='word_1_103' title='bbox 2529 1479 2588 1538; x_wconf 93' lang='lat' dir='ltr'><strong>S.</strong></span> <span class='ocrx_word' id='word_1_104' title='bbox 2608 1479 2680 1538; x_wconf 88' lang='lat' dir='ltr'><strong>C.</strong></span> <span class='ocrx_word' id='word_1_105' title='bbox 2701 1479 2789 1537; x_wconf 89' lang='grc' dir='ltr'><strong>Μ.</strong></span> 
     </span>
     <span class='ocr_line' id='line_1_12' title="bbox 661 1575 2793 1659; baseline -0.001 -22"><span class='ocrx_word' id='word_1_106' title='bbox 661 1578 977 1659; x_wconf 85' lang='lat' dir='ltr'><strong>antiquarii</strong></span> <span class='ocrx_word' id='word_1_107' title='bbox 1014 1589 1075 1639; x_wconf 90' lang='lat' dir='ltr'><strong>et</strong></span> <span class='ocrx_word' id='word_1_108' title='bbox 1102 1579 1245 1636; x_wconf 86' lang='lat' dir='ltr'><strong>civis</strong></span> <span class='ocrx_word' id='word_1_109' title='bbox 1274 1579 1543 1638; x_wconf 84' lang='lat' dir='ltr'><strong>Romani.</strong></span> <span class='ocrx_word' id='word_1_110' title='bbox 1591 1579 1951 1639; x_wconf 83' lang='lat' dir='ltr'><strong>Francofurti</strong></span> <span class='ocrx_word' id='word_1_111' title='bbox 1968 1578 2050 1638; x_wconf 90' lang='lat' dir='ltr'><strong>ad</strong></span> <span class='ocrx_word' id='word_1_112' title='bbox 2082 1579 2173 1637; x_wconf 88' lang='grc' dir='ltr'><strong>Μ.</strong></span> <span class='ocrx_word' id='word_1_113' title='bbox 2202 1577 2367 1657; x_wconf 89' lang='lat' dir='ltr'><strong>apud</strong></span> <span class='ocrx_word' id='word_1_114' title='bbox 2397 1578 2623 1653; x_wconf 85' lang='lat' dir='ltr'><strong>Georg.</strong></span> <span class='ocrx_word' id='word_1_115' title='bbox 2652 1575 2793 1637; x_wconf 83' lang='lat' dir='ltr'><strong>Cor-</strong></span> 
     </span>
     <span class='ocr_line' id='line_1_13' title="bbox 658 1672 2791 1752; baseline 0 -20"><span class='ocrx_word' id='word_1_116' title='bbox 658 1674 1122 1736; x_wconf 78' lang='lat' dir='ltr'><strong>vinum.—Rara</strong></span> <span class='ocrx_word' id='word_1_117' title='bbox 1149 1684 1210 1735; x_wconf 87' lang='lat' dir='ltr'><strong>et</strong></span> <span class='ocrx_word' id='word_1_118' title='bbox 1238 1685 1485 1735; x_wconf 77' lang='lat' dir='ltr'><strong>venusta</strong></span> <span class='ocrx_word' id='word_1_119' title='bbox 1512 1675 1717 1735; x_wconf 87' lang='lat' dir='ltr'><strong>editio.</strong></span> <span class='ocrx_word' id='word_1_120' title='bbox 1781 1676 1949 1736; x_wconf 79' lang='lat' dir='ltr'><strong>Basia</strong></span> <span class='ocrx_word' id='word_1_121' title='bbox 1977 1675 2132 1734; x_wconf 86' lang='lat' dir='ltr'><strong>illius</strong></span> <span class='ocrx_word' id='word_1_122' title='bbox 2180 1673 2298 1733; x_wconf 85' lang='lat' dir='ltr'><strong>fnit</strong></span> <span class='ocrx_word' id='word_1_123' title='bbox 2343 1674 2441 1734; x_wconf 82' lang='lat' dir='ltr'><strong>cd.</strong></span> <span class='ocrx_word' id='word_1_124' title='bbox 2472 1672 2666 1752; x_wconf 87' lang='lat' dir='ltr'><strong>Lugd.</strong></span> <span class='ocrx_word' id='word_1_125' title='bbox 2694 1691 2791 1732; x_wconf 81' lang='lat' dir='ltr'><strong>au.</strong></span> 
     </span>
    </p>

    <p class='ocr_par' dir='ltr' id='par_1_5' title="bbox 591 1773 1442 1853">
     <span class='ocr_line' id='line_1_14' title="bbox 591 1773 1442 1853; baseline 0.004 -23"><span class='ocrx_word' id='word_1_126' title='bbox 591 1814 598 1823; x_wconf 89' lang='lat'><strong>.</strong></span> <span class='ocrx_word' id='word_1_127' title='bbox 673 1780 847 1841; x_wconf 82' lang='grc'><strong>1574.</strong></span> <span class='ocrx_word' id='word_1_128' title='bbox 879 1775 1038 1853; x_wconf 90' lang='lat' dir='ltr'><strong>apud</strong></span> <span class='ocrx_word' id='word_1_129' title='bbox 1063 1775 1133 1833; x_wconf 87' lang='lat' dir='ltr'><strong>B.</strong></span> <span class='ocrx_word' id='word_1_130' title='bbox 1167 1773 1442 1833; x_wconf 75' lang='lat' dir='ltr'><strong>vincent.</strong></span> 
     </span>
    </p>

    <p class='ocr_par' dir='ltr' id='par_1_6' title="bbox 583 1867 2795 1950">
     <span class='ocr_line' id='line_1_15' title="bbox 583 1867 2795 1950; baseline -0 -21"><span class='ocrx_word' id='word_1_131' title='bbox 583 1900 662 1923; x_wconf 60' lang='lat' dir='ltr'><strong>-v-</strong></span> <span class='ocrx_word' id='word_1_132' title='bbox 705 1869 1000 1950; x_wconf 76' lang='lat' dir='ltr'><strong>Lugduni.</strong></span> <span class='ocrx_word' id='word_1_133' title='bbox 1052 1880 1146 1932; x_wconf 91' lang='grc'><strong>12.</strong></span> <span class='ocrx_word' id='word_1_134' title='bbox 1189 1871 1350 1950; x_wconf 88' lang='lat' dir='ltr'><strong>apud</strong></span> <span class='ocrx_word' id='word_1_135' title='bbox 1379 1874 1448 1932; x_wconf 89' lang='lat' dir='ltr'><strong>B.</strong></span> <span class='ocrx_word' id='word_1_136' title='bbox 1479 1871 1870 1931; x_wconf 80' lang='lat' dir='ltr'><strong>vincentium.</strong></span> <span class='ocrx_word' id='word_1_137' title='bbox 1929 1870 2264 1931; x_wconf 81' lang='lat' dir='ltr'><strong>Extabatin</strong></span> <span class='ocrx_word' id='word_1_138' title='bbox 2295 1869 2442 1930; x_wconf 88' lang='lat' dir='ltr'><strong>bibl.</strong></span> <span class='ocrx_word' id='word_1_139' title='bbox 2472 1867 2795 1929; x_wconf 79' lang='lat' dir='ltr'><strong>Emtiucki·</strong></span> 
     </span>
    </p>

    <p class='ocr_par' dir='ltr' id='par_1_7' title="bbox 724 1969 2025 2048">
     <span class='ocr_line' id='line_1_16' title="bbox 724 1969 2025 2048; baseline 0.002 -21"><span class='ocrx_word' id='word_1_140' title='bbox 724 1986 857 2040; x_wconf 89' lang='lat' dir='ltr'><strong>ana,</strong></span> <span class='ocrx_word' id='word_1_141' title='bbox 881 1979 1027 2029; x_wconf 80' lang='lat' dir='ltr'><strong>teste</strong></span> <span class='ocrx_word' id='word_1_142' title='bbox 1055 1970 1246 2030; x_wconf 88' lang='lat' dir='ltr'><strong>Catal.</strong></span> <span class='ocrx_word' id='word_1_143' title='bbox 1285 1969 1351 2029; x_wconf 88' lang='lat' dir='ltr'><strong>P.</strong></span> <span class='ocrx_word' id='word_1_144' title='bbox 1385 1985 1497 2029; x_wconf 85' lang='lat'><strong>111.</strong></span> <span class='ocrx_word' id='word_1_145' title='bbox 1528 1989 1593 2048; x_wconf 87' lang='lat' dir='ltr'><strong>p.</strong></span> <span class='ocrx_word' id='word_1_146' title='bbox 1622 1976 1763 2030; x_wconf 83' lang='grc'><strong>452.</strong></span> <span class='ocrx_word' id='word_1_147' title='bbox 1793 1990 1852 2029; x_wconf 91' lang='lat' dir='ltr'><strong>n.</strong></span> <span class='ocrx_word' id='word_1_148' title='bbox 1884 1976 2025 2030; x_wconf 88' lang='grc'><strong>255.</strong></span> 
     </span>
    </p>

    <p class='ocr_par' dir='ltr' id='par_1_8' title="bbox 593 2064 2794 2711">
     <span class='ocr_line' id='line_1_17' title="bbox 593 2064 2792 2145; baseline 0 -22"><span class='ocrx_word' id='word_1_149' title='bbox 593 2064 747 2133; x_wconf 89' lang='grc'><strong>1576</strong></span> <span class='ocrx_word' id='word_1_150' title='bbox 790 2066 1089 2145; x_wconf 82' lang='lat' dir='ltr'><strong>Lugduni.</strong></span> <span class='ocrx_word' id='word_1_151' title='bbox 1139 2076 1233 2127; x_wconf 90' lang='grc'><strong>12.</strong></span> <span class='ocrx_word' id='word_1_152' title='bbox 1297 2067 1368 2126; x_wconf 86' lang='lat' dir='ltr'><strong>C.</strong></span> <span class='ocrx_word' id='word_1_153' title='bbox 1415 2069 1536 2129; x_wconf 85' lang='lat' dir='ltr'><strong>Jul.</strong></span> <span class='ocrx_word' id='word_1_154' title='bbox 1587 2068 1837 2128; x_wconf 83' lang='lat' dir='ltr'><strong>Caesaris</strong></span> <span class='ocrx_word' id='word_1_155' title='bbox 1885 2086 2076 2128; x_wconf 87' lang='lat' dir='ltr'><strong>rerum</strong></span> <span class='ocrx_word' id='word_1_156' title='bbox 2116 2067 2194 2126; x_wconf 88' lang='lat' dir='ltr'><strong>ab</strong></span> <span class='ocrx_word' id='word_1_157' title='bbox 2224 2086 2287 2126; x_wconf 87' lang='lat' dir='ltr'><strong>se</strong></span> <span class='ocrx_word' id='word_1_158' title='bbox 2314 2074 2609 2145; x_wconf 83' lang='lat' dir='ltr'><strong>gestarum</strong></span> <span class='ocrx_word' id='word_1_159' title='bbox 2635 2084 2792 2124; x_wconf 87' lang='lat' dir='ltr'><strong>com·</strong></span> 
     </span>
     <span class='ocr_line' id='line_1_18' title="bbox 661 2163 2789 2244; baseline -0.001 -23"><span class='ocrx_word' id='word_1_160' title='bbox 661 2165 949 2223; x_wconf 87' lang='lat' dir='ltr'><strong>mentarii.</strong></span> <span class='ocrx_word' id='word_1_161' title='bbox 1012 2164 1108 2224; x_wconf 86' lang='lat' dir='ltr'><strong>Jo.</strong></span> <span class='ocrx_word' id='word_1_162' title='bbox 1158 2163 1417 2224; x_wconf 87' lang='lat' dir='ltr'><strong>Jocuudi</strong></span> <span class='ocrx_word' id='word_1_163' title='bbox 1443 2164 1793 2224; x_wconf 71' lang='lat' dir='ltr'><strong>Veronensis</strong></span> <span class='ocrx_word' id='word_1_164' title='bbox 1834 2183 2019 2244; x_wconf 83' lang='lat' dir='ltr'><strong>opera</strong></span> <span class='ocrx_word' id='word_1_165' title='bbox 2058 2163 2133 2224; x_wconf 88' lang='lat' dir='ltr'><strong>ad</strong></span> <span class='ocrx_word' id='word_1_166' title='bbox 2181 2174 2440 2224; x_wconf 79' lang='lat' dir='ltr'><strong>veterum</strong></span> <span class='ocrx_word' id='word_1_167' title='bbox 2488 2174 2611 2224; x_wconf 87' lang='lat' dir='ltr'><strong>tam</strong></span> <span class='ocrx_word' id='word_1_168' title='bbox 2654 2181 2789 2221; x_wconf 86' lang='lat' dir='ltr'><strong>mss.</strong></span> 
     </span>
     <span class='ocr_line' id='line_1_19' title="bbox 665 2258 2793 2342; baseline -0.001 -23"><span class='ocrx_word' id='word_1_169' title='bbox 665 2279 847 2337; x_wconf 75' lang='lat' dir='ltr'><strong>quam</strong></span> <span class='ocrx_word' id='word_1_170' title='bbox 893 2261 1304 2339; x_wconf 81' lang='lat' dir='ltr'><strong>impressorum</strong></span> <span class='ocrx_word' id='word_1_171' title='bbox 1353 2263 1776 2342; x_wconf 68' lang='lat' dir='ltr'><strong>exemplarium</strong></span> <span class='ocrx_word' id='word_1_172' title='bbox 1820 2261 2000 2322; x_wconf 85' lang='lat' dir='ltr'><strong>fidem</strong></span> <span class='ocrx_word' id='word_1_173' title='bbox 2042 2262 2478 2322; x_wconf 71' lang='lat' dir='ltr'><strong>accuratissime</strong></span> <span class='ocrx_word' id='word_1_174' title='bbox 2502 2260 2643 2320; x_wconf 87' lang='lat' dir='ltr'><strong>olim</strong></span> <span class='ocrx_word' id='word_1_175' title='bbox 2672 2258 2793 2318; x_wconf 84' lang='lat' dir='ltr'><strong>col-</strong></span> 
     </span>
     <span class='ocr_line' id='line_1_20' title="bbox 665 2357 2791 2436; baseline 0 -21"><span class='ocrx_word' id='word_1_176' title='bbox 665 2357 788 2416; x_wconf 89' lang='lat' dir='ltr'><strong>lati.</strong></span> <span class='ocrx_word' id='word_1_177' title='bbox 872 2357 1051 2418; x_wconf 85' lang='lat' dir='ltr'><strong>Nunc</strong></span> <span class='ocrx_word' id='word_1_178' title='bbox 1081 2378 1221 2418; x_wconf 85' lang='lat' dir='ltr'><strong>vero</strong></span> <span class='ocrx_word' id='word_1_179' title='bbox 1272 2361 1437 2420; x_wconf 85' lang='lat' dir='ltr'><strong>Fulv.</strong></span> <span class='ocrx_word' id='word_1_180' title='bbox 1479 2361 1681 2421; x_wconf 79' lang='lat' dir='ltr'><strong>Ursini</strong></span> <span class='ocrx_word' id='word_1_181' title='bbox 1712 2361 1969 2430; x_wconf 81' lang='lat' dir='ltr'><strong>scholiis,</strong></span> <span class='ocrx_word' id='word_1_182' title='bbox 2018 2370 2078 2420; x_wconf 89' lang='lat' dir='ltr'><strong>et</strong></span> <span class='ocrx_word' id='word_1_183' title='bbox 2126 2360 2597 2419; x_wconf 82' lang='lat' dir='ltr'><strong>doctissimorum</strong></span> <span class='ocrx_word' id='word_1_184' title='bbox 2647 2375 2791 2436; x_wconf 85' lang='lat' dir='ltr'><strong>quo·</strong></span> 
     </span>
     <span class='ocr_line' id='line_1_21' title="bbox 662 2453 2794 2537; baseline -0 -23"><span class='ocrx_word' id='word_1_185' title='bbox 662 2453 912 2515; x_wconf 73' lang='lat' dir='ltr'><strong>tundam</strong></span> <span class='ocrx_word' id='word_1_186' title='bbox 940 2456 1195 2516; x_wconf 82' lang='lat' dir='ltr'><strong>virorum</strong></span> <span class='ocrx_word' id='word_1_187' title='bbox 1225 2456 1456 2537; x_wconf 82' lang='lat' dir='ltr'><strong>aliquot</strong></span> <span class='ocrx_word' id='word_1_188' title='bbox 1496 2457 1969 2519; x_wconf 78' lang='lat' dir='ltr'><strong>annotationibus</strong></span> <span class='ocrx_word' id='word_1_189' title='bbox 2012 2467 2075 2518; x_wconf 84' lang='lat' dir='ltr'><strong>et</strong></span> <span class='ocrx_word' id='word_1_190' title='bbox 2121 2454 2596 2537; x_wconf 83' lang='lat' dir='ltr'><strong>castigationibus</strong></span> <span class='ocrx_word' id='word_1_191' title='bbox 2638 2453 2794 2514; x_wconf 83' lang='lat' dir='ltr'><strong>illus·</strong></span> 
     </span>
     <span class='ocr_line' id='line_1_22' title="bbox 665 2551 2793 2636; baseline -0.001 -23"><span class='ocrx_word' id='word_1_192' title='bbox 665 2554 826 2613; x_wconf 85' lang='lat' dir='ltr'><strong>trati.</strong></span> <span class='ocrx_word' id='word_1_193' title='bbox 910 2553 1205 2633; x_wconf 81' lang='lat' dir='ltr'><strong>Lugduni,</strong></span> <span class='ocrx_word' id='word_1_194' title='bbox 1259 2556 1421 2634; x_wconf 84' lang='lat' dir='ltr'><strong>apud</strong></span> <span class='ocrx_word' id='word_1_195' title='bbox 1473 2559 1692 2636; x_wconf 72' lang='lat' dir='ltr'><strong>Anton.</strong></span> <span class='ocrx_word' id='word_1_196' title='bbox 1749 2556 1828 2616; x_wconf 87' lang='lat' dir='ltr'><strong>de</strong></span> <span class='ocrx_word' id='word_1_197' title='bbox 1886 2558 2187 2636; x_wconf 84' lang='lat' dir='ltr'><strong>Harsy.—-</strong></span> <span class='ocrx_word' id='word_1_198' title='bbox 2199 2555 2352 2616; x_wconf 87' lang='lat' dir='ltr'><strong>Bibl.</strong></span> <span class='ocrx_word' id='word_1_199' title='bbox 2411 2553 2604 2613; x_wconf 87' lang='lat' dir='ltr'><strong>Acad.</strong></span> <span class='ocrx_word' id='word_1_200' title='bbox 2657 2551 2793 2612; x_wconf 82' lang='lat' dir='ltr'><strong>Hei·</strong></span> 
     </span>
     <span class='ocr_line' id='line_1_23' title="bbox 664 2650 827 2711; baseline 0.006 -1"><span class='ocrx_word' id='word_1_201' title='bbox 664 2650 827 2711; x_wconf 89' lang='lat' dir='ltr'><strong>delb.</strong></span> 
     </span>
    </p>

    <p class='ocr_par' dir='ltr' id='par_1_9' title="bbox 582 2749 1536 2829">
     <span class='ocr_line' id='line_1_24' title="bbox 582 2749 1536 2829; baseline 0.001 -20"><span class='ocrx_word' id='word_1_202' title='bbox 582 2783 664 2794; x_wconf 93' lang='grc'><strong>--</strong></span> <span class='ocrx_word' id='word_1_203' title='bbox 702 2749 977 2810; x_wconf 75' lang='lat' dir='ltr'><strong>venetiis.</strong></span> <span class='ocrx_word' id='word_1_204' title='bbox 1024 2760 1080 2811; x_wconf 90' lang='grc'><strong>8.</strong></span> <span class='ocrx_word' id='word_1_205' title='bbox 1112 2750 1271 2829; x_wconf 90' lang='lat' dir='ltr'><strong>apud</strong></span> <span class='ocrx_word' id='word_1_206' title='bbox 1296 2751 1536 2811; x_wconf 81' lang='lat' dir='ltr'><strong>Aldum.</strong></span> 
     </span>
    </p>

    <p class='ocr_par' dir='ltr' id='par_1_10' title="bbox 587 2845 2689 2926">
     <span class='ocr_line' id='line_1_25' title="bbox 587 2845 2689 2926; baseline 0 -23"><span class='ocrx_word' id='word_1_207' title='bbox 587 2854 741 2914; x_wconf 82' lang='grc'><strong>1578</strong></span> <span class='ocrx_word' id='word_1_208' title='bbox 786 2848 1165 2926; x_wconf 78' lang='lat' dir='ltr'><strong>Antwerpiae.</strong></span> <span class='ocrx_word' id='word_1_209' title='bbox 1216 2858 1308 2909; x_wconf 88' lang='grc'><strong>12.</strong></span> <span class='ocrx_word' id='word_1_210' title='bbox 1352 2870 1424 2909; x_wconf 83' lang='lat' dir='ltr'><strong>ex</strong></span> <span class='ocrx_word' id='word_1_211' title='bbox 1453 2847 1611 2909; x_wconf 86' lang='lat' dir='ltr'><strong>offic.</strong></span> <span class='ocrx_word' id='word_1_212' title='bbox 1642 2848 1900 2908; x_wconf 85' lang='lat' dir='ltr'><strong>Plautia.</strong></span> <span class='ocrx_word' id='word_1_213' title='bbox 1931 2847 2097 2907; x_wconf 89' lang='lat' dir='ltr'><strong>novis</strong></span> <span class='ocrx_word' id='word_1_214' title='bbox 2125 2846 2452 2908; x_wconf 86' lang='lat' dir='ltr'><strong>emendatt.</strong></span> <span class='ocrx_word' id='word_1_215' title='bbox 2480 2845 2689 2904; x_wconf 81' lang='lat' dir='ltr'><strong>illustr.</strong></span> 
     </span>
    </p>

    <p class='ocr_par' dir='ltr' id='par_1_11' title="bbox 591 2942 1999 3024">
     <span class='ocr_line' id='line_1_26' title="bbox 591 2942 1999 3024; baseline 0.003 -24"><span class='ocrx_word' id='word_1_216' title='bbox 591 2950 745 3012; x_wconf 84' lang='grc'><strong>1579</strong></span> <span class='ocrx_word' id='word_1_217' title='bbox 783 2942 1048 3003; x_wconf 82' lang='lat' dir='ltr'><strong>Coloniae</strong></span> <span class='ocrx_word' id='word_1_218' title='bbox 1078 2945 1327 3023; x_wconf 82' lang='lat' dir='ltr'><strong>Agripp.</strong></span> <span class='ocrx_word' id='word_1_219' title='bbox 1375 2955 1432 3005; x_wconf 88' lang='lat'><strong>8.</strong></span> <span class='ocrx_word' id='word_1_220' title='bbox 1474 2964 1577 3024; x_wconf 88' lang='lat' dir='ltr'><strong>ap.</strong></span> <span class='ocrx_word' id='word_1_221' title='bbox 1610 2946 1766 3005; x_wconf 88' lang='lat' dir='ltr'><strong>Petr.</strong></span> <span class='ocrx_word' id='word_1_222' title='bbox 1798 2945 1999 3004; x_wconf 87' lang='lat' dir='ltr'><strong>Horst.</strong></span> 
     </span>
    </p>

    <p class='ocr_par' dir='ltr' id='par_1_12' title="bbox 588 3040 1955 3122">
     <span class='ocr_line' id='line_1_27' title="bbox 588 3040 1955 3122; baseline 0.004 -25"><span class='ocrx_word' id='word_1_223' title='bbox 588 3046 743 3098; x_wconf 90' lang='grc'><strong>1580</strong></span> <span class='ocrx_word' id='word_1_224' title='bbox 779 3040 1077 3118; x_wconf 84' lang='lat' dir='ltr'><strong>Lugduni.</strong></span> <span class='ocrx_word' id='word_1_225' title='bbox 1124 3049 1182 3100; x_wconf 87' lang='lat'><strong>8.</strong></span> <span class='ocrx_word' id='word_1_226' title='bbox 1226 3043 1382 3120; x_wconf 87' lang='lat' dir='ltr'><strong>apud</strong></span> <span class='ocrx_word' id='word_1_227' title='bbox 1415 3047 1558 3103; x_wconf 80' lang='lat' dir='ltr'><strong>Ant.</strong></span> <span class='ocrx_word' id='word_1_228' title='bbox 1592 3042 1955 3122; x_wconf 78' lang='lat' dir='ltr'><strong>Gryphium.</strong></span> 
     </span>
    </p>

    <p class='ocr_par' dir='ltr' id='par_1_13' title="bbox 591 3137 2787 3217">
     <span class='ocr_line' id='line_1_28' title="bbox 591 3137 2787 3217; baseline 0.002 -25"><span class='ocrx_word' id='word_1_229' title='bbox 591 3142 735 3198; x_wconf 87' lang='grc'><strong>1581</strong></span> <span class='ocrx_word' id='word_1_230' title='bbox 785 3137 1077 3215; x_wconf 82' lang='lat' dir='ltr'><strong>Lugduni.</strong></span> <span class='ocrx_word' id='word_1_231' title='bbox 1125 3147 1182 3197; x_wconf 89' lang='lat'><strong>8.</strong></span> <span class='ocrx_word' id='word_1_232' title='bbox 1220 3139 1381 3217; x_wconf 88' lang='lat' dir='ltr'><strong>apud</strong></span> <span class='ocrx_word' id='word_1_233' title='bbox 1419 3143 1621 3201; x_wconf 82' lang='lat' dir='ltr'><strong>Barth.</strong></span> <span class='ocrx_word' id='word_1_234' title='bbox 1651 3140 2044 3212; x_wconf 81' lang='lat' dir='ltr'><strong>vincentium,</strong></span> <span class='ocrx_word' id='word_1_235' title='bbox 2093 3159 2232 3201; x_wconf 88' lang='lat' dir='ltr'><strong>cum</strong></span> <span class='ocrx_word' id='word_1_236' title='bbox 2261 3138 2500 3199; x_wconf 84' lang='lat' dir='ltr'><strong>scholiis</strong></span> <span class='ocrx_word' id='word_1_237' title='bbox 2526 3139 2621 3199; x_wconf 78' lang='lat' dir='ltr'><strong>rr.</strong></span> <span class='ocrx_word' id='word_1_238' title='bbox 2665 3139 2787 3198; x_wconf 84' lang='lat' dir='ltr'><strong>Ho-</strong></span> 
     </span>
    </p>

    <p class='ocr_par' dir='ltr' id='par_1_14' title="bbox 505 3234 1863 3308">
     <span class='ocr_line' id='line_1_29' title="bbox 505 3234 1863 3308; baseline 0.004 -17"><span class='ocrx_word' id='word_1_239' title='bbox 505 3267 509 3276; x_wconf 80' lang='grc'><em>·</em></span> <span class='ocrx_word' id='word_1_240' title='bbox 664 3234 942 3306; x_wconf 84' lang='lat' dir='ltr'><strong>tomanni,</strong></span> <span class='ocrx_word' id='word_1_241' title='bbox 975 3235 1141 3295; x_wconf 84' lang='lat' dir='ltr'><strong>Fulv.</strong></span> <span class='ocrx_word' id='word_1_242' title='bbox 1170 3237 1386 3308; x_wconf 89' lang='lat' dir='ltr'><strong>Ursini,</strong></span> <span class='ocrx_word' id='word_1_243' title='bbox 1423 3239 1558 3298; x_wconf 87' lang='lat' dir='ltr'><strong>Aldi</strong></span> <span class='ocrx_word' id='word_1_244' title='bbox 1583 3238 1863 3298; x_wconf 88' lang='lat' dir='ltr'><strong>Manutii.</strong></span> 
     </span>
    </p>

    <p class='ocr_par' dir='ltr' id='par_1_15' title="bbox 471 3331 1630 3416">
     <span class='ocr_line' id='line_1_30' title="bbox 471 3331 1630 3416; baseline 0.007 -29"><span class='ocrx_word' id='word_1_245' title='bbox 471 3399 489 3413; x_wconf 48' lang='lat'><strong>·</strong></span> <span class='ocrx_word' id='word_1_246' title='bbox 591 3336 742 3390; x_wconf 85' lang='grc'><strong>1582</strong></span> <span class='ocrx_word' id='word_1_247' title='bbox 791 3331 1087 3409; x_wconf 84' lang='lat' dir='ltr'><strong>Lugduni.</strong></span> <span class='ocrx_word' id='word_1_248' title='bbox 1139 3342 1232 3394; x_wconf 84' lang='lat'><strong>12.</strong></span> <span class='ocrx_word' id='word_1_249' title='bbox 1262 3353 1359 3414; x_wconf 90' lang='lat' dir='ltr'><strong>ap.</strong></span> <span class='ocrx_word' id='word_1_250' title='bbox 1393 3337 1630 3416; x_wconf 82' lang='lat' dir='ltr'><strong>Gryph.</strong></span> 
     </span>
    </p>

    <p class='ocr_par' dir='ltr' id='par_1_16' title="bbox 591 3429 2792 3606">
     <span class='ocr_line' id='line_1_31' title="bbox 591 3429 2792 3494; baseline 0.002 -9"><span class='ocrx_word' id='word_1_251' title='bbox 591 3433 742 3487; x_wconf 80' lang='grc'><strong>1583</strong></span> <span class='ocrx_word' id='word_1_252' title='bbox 785 3429 1050 3488; x_wconf 77' lang='lat' dir='ltr'><strong>Basileae.</strong></span> <span class='ocrx_word' id='word_1_253' title='bbox 1097 3440 1154 3490; x_wconf 88' lang='lat'><strong>8.</strong></span> <span class='ocrx_word' id='word_1_254' title='bbox 1201 3452 1336 3490; x_wconf 88' lang='lat' dir='ltr'><strong>cum</strong></span> <span class='ocrx_word' id='word_1_255' title='bbox 1385 3434 1569 3492; x_wconf 89' lang='lat' dir='ltr'><strong>Henr.</strong></span> <span class='ocrx_word' id='word_1_256' title='bbox 1598 3433 1878 3494; x_wconf 82' lang='lat' dir='ltr'><strong>Glareani</strong></span> <span class='ocrx_word' id='word_1_257' title='bbox 1912 3431 2484 3493; x_wconf 88' lang='lat' dir='ltr'><strong>annotationibus.-</strong></span> <span class='ocrx_word' id='word_1_258' title='bbox 2502 3430 2659 3492; x_wconf 86' lang='lat' dir='ltr'><strong>Bibl.</strong></span> <span class='ocrx_word' id='word_1_259' title='bbox 2690 3429 2792 3491; x_wconf 67' lang='lat' dir='ltr'><strong>Ut*-</strong></span> 
     </span>
     <span class='ocr_line' id='line_1_32' title="bbox 664 3521 1667 3606; baseline 0.008 -25"><span class='ocrx_word' id='word_1_260' title='bbox 664 3521 941 3584; x_wconf 87' lang='lat' dir='ltr'><strong>fenbach.</strong></span> <span class='ocrx_word' id='word_1_261' title='bbox 971 3526 1051 3586; x_wconf 89' lang='lat' dir='ltr'><strong>T.</strong></span> <span class='ocrx_word' id='word_1_262' title='bbox 1085 3543 1178 3585; x_wconf 76' lang='lat' dir='ltr'><strong>IV.</strong></span> <span class='ocrx_word' id='word_1_263' title='bbox 1212 3547 1269 3606; x_wconf 91' lang='lat' dir='ltr'><strong>p.</strong></span> <span class='ocrx_word' id='word_1_264' title='bbox 1306 3536 1404 3588; x_wconf 86' lang='lat'><strong>55.</strong></span> <span class='ocrx_word' id='word_1_265' title='bbox 1433 3550 1493 3589; x_wconf 88' lang='lat' dir='ltr'><strong>n.</strong></span> <span class='ocrx_word' id='word_1_266' title='bbox 1527 3537 1667 3591; x_wconf 89' lang='grc'><strong>258.</strong></span> 
     </span>
    </p>

    <p class='ocr_par' dir='ltr' id='par_1_17' title="bbox 593 3623 2792 4286">
     <span class='ocr_line' id='line_1_33' title="bbox 593 3623 2785 3686; baseline 0.001 -7"><span class='ocrx_word' id='word_1_267' title='bbox 593 3628 747 3680; x_wconf 77' lang='grc'><strong>1584</strong></span> <span class='ocrx_word' id='word_1_268' title='bbox 791 3623 1180 3685; x_wconf 80' lang='lat' dir='ltr'><strong>Francofurti.</strong></span> <span class='ocrx_word' id='word_1_269' title='bbox 1227 3636 1284 3685; x_wconf 89' lang='lat'><strong>8.</strong></span> <span class='ocrx_word' id='word_1_270' title='bbox 1327 3627 1398 3686; x_wconf 91' lang='lat' dir='ltr'><strong>C.</strong></span> <span class='ocrx_word' id='word_1_271' title='bbox 1445 3625 1589 3686; x_wconf 88' lang='lat' dir='ltr'><strong>Julii</strong></span> <span class='ocrx_word' id='word_1_272' title='bbox 1629 3626 1878 3685; x_wconf 74' lang='lat' dir='ltr'><strong>Caesaris</strong></span> <span class='ocrx_word' id='word_1_273' title='bbox 1918 3623 1995 3685; x_wconf 85' lang='lat' dir='ltr'><strong>de</strong></span> <span class='ocrx_word' id='word_1_274' title='bbox 2026 3625 2184 3685; x_wconf 74' lang='lat' dir='ltr'><strong>bello</strong></span> <span class='ocrx_word' id='word_1_275' title='bbox 2225 3625 2461 3685; x_wconf 85' lang='lat' dir='ltr'><strong>Gallico</strong></span> <span class='ocrx_word' id='word_1_276' title='bbox 2498 3625 2634 3684; x_wconf 81' lang='lat' dir='ltr'><strong>libri</strong></span> <span class='ocrx_word' id='word_1_277' title='bbox 2662 3639 2785 3685; x_wconf 81' lang='lat' dir='ltr'><strong>vn.</strong></span> 
     </span>
     <span class='ocr_line' id='line_1_34' title="bbox 653 3718 2789 3802; baseline 0.001 -24"><span class='ocrx_word' id='word_1_278' title='bbox 653 3723 774 3778; x_wconf 73' lang='lat' dir='ltr'><strong>&amp;c-</strong></span> <span class='ocrx_word' id='word_1_279' title='bbox 809 3721 1096 3798; x_wconf 84' lang='lat' dir='ltr'><strong>Ejusdem</strong></span> <span class='ocrx_word' id='word_1_280' title='bbox 1127 3723 1428 3794; x_wconf 85' lang='lat' dir='ltr'><strong>librorum,</strong></span> <span class='ocrx_word' id='word_1_281' title='bbox 1460 3724 1565 3802; x_wconf 87' lang='lat' dir='ltr'><strong>qui</strong></span> <span class='ocrx_word' id='word_1_282' title='bbox 1594 3723 2016 3792; x_wconf 86' lang='lat' dir='ltr'><strong>desiderantur,</strong></span> <span class='ocrx_word' id='word_1_283' title='bbox 2038 3721 2382 3799; x_wconf 80' lang='lat' dir='ltr'><strong>fragmenta.</strong></span> <span class='ocrx_word' id='word_1_284' title='bbox 2452 3722 2590 3782; x_wconf 81' lang='lat' dir='ltr'><strong>Auli</strong></span> <span class='ocrx_word' id='word_1_285' title='bbox 2618 3718 2789 3781; x_wconf 86' lang='lat' dir='ltr'><strong>Hirtii</strong></span> 
     </span>
     <span class='ocr_line' id='line_1_35' title="bbox 663 3814 2787 3899; baseline 0.002 -25"><span class='ocrx_word' id='word_1_286' title='bbox 663 3814 741 3875; x_wconf 85' lang='lat' dir='ltr'><strong>de</strong></span> <span class='ocrx_word' id='word_1_287' title='bbox 774 3816 908 3876; x_wconf 85' lang='lat' dir='ltr'><strong>bell.</strong></span> <span class='ocrx_word' id='word_1_288' title='bbox 938 3818 1255 3878; x_wconf 86' lang='lat' dir='ltr'><strong>Alexandr.</strong></span> <span class='ocrx_word' id='word_1_289' title='bbox 1297 3819 1485 3878; x_wconf 81' lang='lat' dir='ltr'><strong>Afric.</strong></span> <span class='ocrx_word' id='word_1_290' title='bbox 1517 3821 1765 3898; x_wconf 86' lang='lat' dir='ltr'><strong>Hispan.</strong></span> <span class='ocrx_word' id='word_1_291' title='bbox 1790 3820 2028 3890; x_wconf 82' lang='lat' dir='ltr'><strong>Galliae,</strong></span> <span class='ocrx_word' id='word_1_292' title='bbox 2058 3820 2382 3899; x_wconf 80' lang='lat' dir='ltr'><strong>Hispaniae,</strong></span> <span class='ocrx_word' id='word_1_293' title='bbox 2412 3822 2787 3899; x_wconf 85' lang='lat' dir='ltr'><strong>locorumque</strong></span> 
     </span>
     <span class='ocr_line' id='line_1_36' title="bbox 660 3911 2785 3995; baseline 0.003 -25"><span class='ocrx_word' id='word_1_294' title='bbox 660 3911 970 3990; x_wconf 87' lang='lat' dir='ltr'><strong>insignium</strong></span> <span class='ocrx_word' id='word_1_295' title='bbox 1000 3916 1253 3994; x_wconf 91' lang='lat' dir='ltr'><strong>pictura.</strong></span> <span class='ocrx_word' id='word_1_296' title='bbox 1339 3917 1597 3978; x_wconf 86' lang='lat' dir='ltr'><strong>Nomina</strong></span> <span class='ocrx_word' id='word_1_297' title='bbox 1622 3931 1746 3976; x_wconf 92' lang='lat' dir='ltr'><strong>tum</strong></span> <span class='ocrx_word' id='word_1_298' title='bbox 1778 3926 1993 3987; x_wconf 81' lang='lat' dir='ltr'><strong>vetera,</strong></span> <span class='ocrx_word' id='word_1_299' title='bbox 2021 3926 2148 3974; x_wconf 88' lang='lat' dir='ltr'><strong>turn</strong></span> <span class='ocrx_word' id='word_1_300' title='bbox 2174 3918 2429 3977; x_wconf 80' lang='lat' dir='ltr'><strong>recentia</strong></span> <span class='ocrx_word' id='word_1_301' title='bbox 2456 3917 2785 3995; x_wconf 77' lang='lat' dir='ltr'><strong>explanata.</strong></span> 
     </span>
     <span class='ocr_line' id='line_1_37' title="bbox 664 4010 2786 4098; baseline 0.002 -30"><span class='ocrx_word' id='word_1_302' title='bbox 664 4010 842 4070; x_wconf 87' lang='lat' dir='ltr'><strong>Nunc</strong></span> <span class='ocrx_word' id='word_1_303' title='bbox 895 4015 1144 4098; x_wconf 82' lang='lat' dir='ltr'><strong>primum</strong></span> <span class='ocrx_word' id='word_1_304' title='bbox 1175 4013 1476 4091; x_wconf 85' lang='lat' dir='ltr'><strong>exquisitis</strong></span> <span class='ocrx_word' id='word_1_305' title='bbox 1526 4014 1584 4072; x_wconf 91' lang='lat' dir='ltr'><strong>in</strong></span> <span class='ocrx_word' id='word_1_306' title='bbox 1636 4015 1888 4093; x_wconf 85' lang='lat' dir='ltr'><strong>margine</strong></span> <span class='ocrx_word' id='word_1_307' title='bbox 1936 4014 2289 4073; x_wconf 85' lang='lat' dir='ltr'><strong>lectionibus</strong></span> <span class='ocrx_word' id='word_1_308' title='bbox 2330 4014 2620 4085; x_wconf 77' lang='lat' dir='ltr'><strong>illustrati,</strong></span> <span class='ocrx_word' id='word_1_309' title='bbox 2666 4024 2786 4073; x_wconf 86' lang='lat' dir='ltr'><strong>tum</strong></span> 
     </span>
     <span class='ocr_line' id='line_1_38' title="bbox 663 4107 2789 4188; baseline 0.002 -24"><span class='ocrx_word' id='word_1_310' title='bbox 663 4125 798 4166; x_wconf 76' lang='lat' dir='ltr'><strong>vero</strong></span> <span class='ocrx_word' id='word_1_311' title='bbox 826 4107 1177 4168; x_wconf 77' lang='lat' dir='ltr'><strong>doctissimis</strong></span> <span class='ocrx_word' id='word_1_312' title='bbox 1207 4110 1690 4170; x_wconf 87' lang='lat' dir='ltr'><strong>annotationibus</strong></span> <span class='ocrx_word' id='word_1_313' title='bbox 1716 4122 1778 4170; x_wconf 85' lang='lat' dir='ltr'><strong>ct</strong></span> <span class='ocrx_word' id='word_1_314' title='bbox 1825 4111 2053 4188; x_wconf 86' lang='lat' dir='ltr'><strong>aliquot</strong></span> <span class='ocrx_word' id='word_1_315' title='bbox 2098 4111 2481 4170; x_wconf 81' lang='lat' dir='ltr'><strong>exactissimis</strong></span> <span class='ocrx_word' id='word_1_316' title='bbox 2524 4109 2789 4169; x_wconf 83' lang='lat' dir='ltr'><strong>emenda·</strong></span> 
     </span>
     <span class='ocr_line' id='line_1_39' title="bbox 666 4201 2792 4286; baseline 0.003 -28"><span class='ocrx_word' id='word_1_317' title='bbox 666 4201 926 4261; x_wconf 89' lang='lat' dir='ltr'><strong>tionibus</strong></span> <span class='ocrx_word' id='word_1_318' title='bbox 955 4202 1321 4283; x_wconf 83' lang='lat' dir='ltr'><strong>locupletati.</strong></span> <span class='ocrx_word' id='word_1_319' title='bbox 1381 4207 1576 4265; x_wconf 87' lang='lat' dir='ltr'><strong>Editio</strong></span> <span class='ocrx_word' id='word_1_320' title='bbox 1612 4208 1783 4267; x_wconf 81' lang='lat' dir='ltr'><strong>tertia</strong></span> <span class='ocrx_word' id='word_1_321' title='bbox 1807 4226 1945 4266; x_wconf 87' lang='lat' dir='ltr'><strong>curn</strong></span> <span class='ocrx_word' id='word_1_322' title='bbox 1986 4207 2185 4266; x_wconf 87' lang='lat' dir='ltr'><strong>lodice</strong></span> <span class='ocrx_word' id='word_1_323' title='bbox 2212 4207 2478 4286; x_wconf 79' lang='lat' dir='ltr'><strong>copioso.</strong></span> <span class='ocrx_word' id='word_1_324' title='bbox 2542 4207 2792 4265; x_wconf 80' lang='lat' dir='ltr'><strong>Franco-</strong></span> 
     </span>
    </p>

    <p class='ocr_par' dir='ltr' id='par_1_18' title="bbox 587 4296 2784 4384">
     <span class='ocr_line' id='line_1_40' title="bbox 587 4296 2784 4384; baseline 0.002 -25"><span class='ocrx_word' id='word_1_325' title='bbox 587 4345 594 4354; x_wconf 93' lang='lat'><strong>.</strong></span> <span class='ocrx_word' id='word_1_326' title='bbox 665 4296 826 4372; x_wconf 80' lang='lat' dir='ltr'><strong>furti,</strong></span> <span class='ocrx_word' id='word_1_327' title='bbox 855 4299 1014 4379; x_wconf 85' lang='lat' dir='ltr'><strong>apud</strong></span> <span class='ocrx_word' id='word_1_328' title='bbox 1040 4302 1139 4364; x_wconf 81' lang='lat' dir='ltr'><strong>Jo:</strong></span> <span class='ocrx_word' id='word_1_329' title='bbox 1160 4304 1709 4366; x_wconf 50' lang='lat' dir='ltr'><strong>waben-Fluxit</strong></span> <span class='ocrx_word' id='word_1_330' title='bbox 1734 4325 1807 4370; x_wconf 76' lang='lat' dir='ltr'><strong>ex</strong></span> <span class='ocrx_word' id='word_1_331' title='bbox 1836 4303 1935 4365; x_wconf 78' lang='lat' dir='ltr'><strong>ed.</strong></span> <span class='ocrx_word' id='word_1_332' title='bbox 1955 4305 2025 4364; x_wconf 87' lang='lat' dir='ltr'><strong>P.</strong></span> <span class='ocrx_word' id='word_1_333' title='bbox 2048 4304 2318 4375; x_wconf 83' lang='lat' dir='ltr'><strong>Manutii,</strong></span> <span class='ocrx_word' id='word_1_334' title='bbox 2347 4303 2520 4383; x_wconf 83' lang='lat' dir='ltr'><strong>cujus</strong></span> <span class='ocrx_word' id='word_1_335' title='bbox 2546 4319 2784 4384; x_wconf 72' lang='lat' dir='ltr'><strong>qnoque</strong></span> 
     </span>
    </p>
   </div>
   <div class='ocr_carea' id='block_1_3' title="bbox 3045 1295 3057 2147">
    <p class='ocr_par' dir='ltr' id='par_1_19' title="bbox 3045 1295 3057 2147">
     <span class='ocr_line' id='line_1_41' title="bbox 3045 1295 3057 2147; baseline 0 0"><span class='ocrx_word' id='word_1_336' title='bbox 3045 1295 3057 2147; x_wconf 95' lang='lat' dir='ltr'><strong> </strong></span> 
     </span>
    </p>
   </div>
  </div>
 </body>
</html>
