3117 5025
958 446 1051 493 DB
1101 444 1275 492 viu
1325 443 1527 492 sumi
1578 443 1932 493 cassatus.
2387 422 2557 492 1815

324 595 704 679 '‘ertinaeia'm
737 598 970 678 penitus
998 597 1486 678 confringendam
1516 598 1766 658 censuit.
1839 599 1917 653 ,ω
1943 595 1974 629 “·
2003 598 2032 632 ¹⁸·
2062 598 2268 676 ltaque
2297 615 2436 655 cum
2464 595 2550 656 sic

322 698 573 777 opidum
609 699 690 757 ab
733 697 896 758 omni
942 706 1110 776 parte
1154 694 1587 756 circumdatum
1635 705 1810 767 esset,
1854 705 1918 755 ut
1963 694 2045 753 nil
2092 692 2369 772 operibus
2408 692 2549 753 addi

320 801 540 873 posset,
574 807 635 855 et
679 793 932 855 obsessis
957 811 1151 854 rerum
1192 792 1421 872 copiam
1453 791 1716 853 omnium
1761 811 1890 853 esee
1918 791 2173 865 sentiret,
2212 809 2427 870 aquam
2464 791 2548 851 eis

320 890 549 951 auferre
603 890 868 961 tentavit,
922 899 983 950 et
1038 888 1255 950 flumen
1309 888 1470 969 quod
1519 887 1865 968 praeterfluit
1901 887 1979 948 ad
2027 887 2285 950 radicem
2323 887 2547 949 montis

321 998 622 1050 avertere:
663 1008 921 1068 cumque
962 987 1021 1049 id
1052 996 1260 1049 natura
1286 1007 1481 1048 rerum
1528 988 1803 1048 obstante
1843 985 2211 1066 nequivisset,
2241 994 2304 1048 at
2349 985 2545 1046 hostes

322 1105 426 1145 usu
445 1086 657 1147 saltem
684 1085 940 1146 fluminis
963 1085 1276 1166 probibere
1305 1085 1468 1146 nisus
1497 1095 1653 1147 erat:
1698 1084 2025 1165 positisque
2053 1085 2129 1144 ad
2151 1105 2324 1147 unam
2352 1084 2542 1164 ripam

312 1183 645 1262 sagittariis,
669 1184 907 1244 alterius
952 1181 1176 1244 aditum
1208 1183 1602 1262 praecluserat.
1691 1184 1830 1243 Erat
1870 1189 2064 1241 autem
2104 1182 2235 1244 fons
2272 1183 2438 1245 vivus
2479 1197 2541 1246 et

314 1278 635 1341 abundans
664 1281 821 1342 haud
853 1282 1121 1362 procula
1166 1277 1343 1342 uiui-is
1371 1281 1556 1362 opidi,
1589 1281 1635 1340 is
1676 1279 1891 1342 auferri
1933 1279 2096 1341 nullo
2140 1280 2321 1341 modo
2368 1301 2544 1362 posse

314 1376 654 1452 videbatur,
701 1399 881 1457 quum
931 1383 1146 1459 praeter
1181 1377 1294 1438 loci
1345 1378 1732 1459 iniquitatem,
1783 1378 2113 1458 periculosa
2156 1386 2304 1438 esset
2341 1398 2543 1459 pugna

309 1474 631 1538 Romanis:
689 1477 892 1542 labore
922 1487 1113 1538 tamen
1144 1477 1361 1555 ingenti
1404 1486 1463 1537 et
1493 1476 1839 1537 indesinenti
1867 1477 2186 1537 certamine
2225 1474 2444 1548 effecit,
2475 1490 2541 1537 ut

310 1573 387 1633 ad
416 1572 640 1634 sontem
691 1574 820 1633 telis
846 1572 1234 1645 venientibus,
1284 1573 1619 1652 periculosa
1664 1574 1930 1635 hostibus
1971 1585 2032 1635 et
2078 1572 2336 1635 difficilis
2385 1584 2540 1635 esset

307 1671 590 1750 aquatio:
634 1670 810 1749 [16⁸]
853 1669 1008 1732 uude
1037 1691 1155 1731 non
1181 1679 1409 1731 tantum
1440 1691 1658 1751 pecora
1685 1673 1787 1733 sed
1819 1672 2082 1734 homines
2108 1671 2390 1751 plurimos
2415 1671 2537 1733 sitis

303 1768 681 1828 extinxerat:
724 1786 913 1847 neque
942 1777 1133 1828 tamen
1163 1768 1254 1828 vel
1296 1767 1597 1829 minimum
1632 1770 1939 1848 proposito
1965 1769 2385 1832 movebantur:
2429 1769 2531 1830 sed

306 1876 377 1925 ut
405 1863 738 1944 periculum
784 1863 1048 1943 periculo
1091 1863 1443 1944 pulsaretur,
1474 1883 1621 1926 sevo
1663 1876 1722 1926 et
1752 1867 1885 1946 pice
1926 1867 2267 1929 ardentibus
2293 1878 2354 1928 et
2395 1877 2536 1947 apte

302 1961 629 2030 instructis,
684 1961 875 2041 ignem
927 1965 1215 2041 inopera
1260 1965 1526 2023 Romana
1558 1964 1916 2042 jactabant:
1969 1977 2148 2045 atque
2196 1965 2292 2025 ita'
2332 1965 2534 2027 nmltis

299 2058 533 2118 exustis
562 2058 719 2117 sitim
749 2079 913 2119 suam
944 2059 1135 2119 alieno
1163 2060 1436 2120 incendio
1464 2060 1896 2124 vindicabant..
1945 2062 2038 2123 Ibi
2066 2065 2204 2124 vero'
2235 2073 2299 2124 et
2324 2073 2532 2123 contra

303 2155 574 2216 flammas
602 2165 662 2216 et
689 2166 893 2217 contra
919 2157 1037 2217 tela
1063 2167 1121 2218 et
1148 2167 1350 2218 contra
1380 2159 1565 2239 ipsam
1606 2159 1723 2220 loci
1751 2160 2155 2224 difficultatem
2183 2181 2221 2221 a
2248 2163 2531 2224 Romanis

299 2254 591 2314 acerrime
644 2253 1011 2315 decertatum
1060 2266 1171 2328 est,
1227 2275 1421 2335 eoque
1473 2258 1796 2330 ardentius,
1853 2259 1976 2340 quo‘
2028 2259 2232 2336 altiore
2283 2260 2341 2321 in
2399 2263 2532 2323 loco

298 2349 729 2423 dimicabatur,
756 2361 825 2410 ut
862 2351 1158 2431 cujusque
1198 2355 1385 2419 virtus,
1418 2369 1478 2415 et
1518 2355 1748 2435 ignavia
1788 2357 1868 2416 ab
1905 2358 2255 2438 imperatore
2282 2367 2530 2440 totoque

296 2448 752 2528 conspiceretur
776 2448 1071 2509 exercitu:
1118 2450 1282 2529 quod
1313 2459 1505 2511 tannen
1536 2452 1868 2516 difficilima·
1886 2475 1977 2517 res
2005 2464 2149 2529 erat,
2171 2467 2231 2518 et
2260 2457 2424 2518 multi
2454 2477 2527 2518 ex

296 2544 589 2606 Romanis
625 2545 862 2607 assidue
886 2547 1377 2619 vulnerabantur:
1441 2553 1798 2632 excogitavit
1836 2554 2009 2616 aliam
2042 2555 2186 2616 viam
2216 2557 2437 2628 Caesar,
2465 2567 2528 2617 et

294 2643 522 2703 emisso
548 2644 861 2705 certamine
888 2646 1096 2726 impari
1123 2666 1195 2708 ac
1222 2647 1530 2723 damnoso,
1552 2650 1839 2712 cuniculis
1868 2652 1981 2713 sub
2010 2662 2222 2713 terram
2248 2653 2418 2725 actis,
2449 2653 2528 2713 ad

294 2741 484 2821 ipsius
518 2741 654 2819 jam
705 2740 884 2802 sontis
925 2762 1103 2804 venas
1151 2747 1524 2825 penetrando
1553 2742 1941 2829 ⁸¹perveniat:
2000 2752 2217 2831 quibus
2261 2751 2530 2830 praecisis

292 2848 480 2918 atque
534 2838 811 2899 aliorsum
863 2840 1162 2915 derivatis,
1214 2844 1416 2905 subito
1468 2845 1909 2908 fons·siccatus
1960 2859 2088 2909 est:
2134 2868 2270 2927 quae
2308 2868 2399 2908 res
2445 2850 2525 2908 in.

294 2936 569 2996 trinsecis
597 2944 824 2997 tantum
854 2936 1076 3000 doloris
1104 2940 1303 3001 attulit
1344 2961 1414 3002 ac
1444 2944 1724 3023 stuporis,
1756 2954 1821 3004 ut
1866 2964 1981 3005 iton
2012 2945 2334 3006 humanum
2370 2966 2525 3026 opus

290 3033 665 3103 crederetur,
695 3032 799 3094 sed
831 3033 1116 3108 divinum,
1146 3041 1209 3097 et
1236 3039 1403 3116 quasi
1435 3040 1685 3102 Romani
1713 3041 1775 3105 iu
1801 3043 1954 3102 bello
1993 3043 2108 3104 diis
2148 3044 2524 3105 auxiliaribus

291 3140 620 3201 uterentur,
649 3128 831 3190 territi
859 3130 1211 3195 desisterent
1249 3136 1327 3196 ab
1374 3138 1662 3218 iucoepto,
1706 3148 1885 3220 atque
1915 3141 2115 3202 ultima
2161 3143 2216 3201 vi
2260 3154 2523 3222 cogente,

288 3245 355 3287 se
382 3227 687 3287 traderent
713 3228 791 3287 ad
835 3248 1009 3290 omne
1040 3231 1277 3293 victoris
1318 3236 1645 3298 arbitrium.
1729 3240 2001 3301 Senserat
2040 3240 2269 3320 pridem
2301 3242 2521 3311 Cmsar,

287 3325 364 3384 ad
406 3343 498 3386 res
525 3324 815 3403 gerendas
863 3346 1024 3387 suam
1068 3330 1181 3391 sibi
1208 3331 1446 3395 obstare
1487 3336 1882 3409 clementiam,
1915 3358 2035 3416 quo
2063 3339 2257 3398 animo
2300 3337 2522 3399 nullum

290 3420 467 3481 finem
503 3442 693 3481 rerum
716 3422 841 3483 sore
869 3424 917 3484 si
946 3427 1220 3487 omnibus
1244 3449 1421 3510 -aeque
1450 3432 1583 3510 pius
1630 3453 1832 3493 omnes
1860 3434 1934 3495 ad
1969 3436 2371 3496 rebellandum
2414 3455 2522 3516 spe

289 3518 710 3579 misericordiae
741 3520 1045 3582 incitaret:
1091 3524 1193 3584 sed
1224 3526 1441 3588 invitus
1486 3541 1694 3589 contra
1726 3533 1952 3590 suam⁸²
1980 3543 2307 3613 contraque
2349 3553 2522 3597 suum

289 3635 515 3676 morem
546 3617 872 3696 quidquam
922 3617 1126 3680 durius
1165 3623 1492 3703 cogitabat:
1545 3646 1618 3687 ex
1647 3628 1881 3689 diverso
1924 3641 2120 3690 autem
2151 3650 2314 3691 suam
2359 3649 2522 3690 man-

286 3714 659 3773 suetudinem
701 3715 788 3773 sic
826 3725 1028 3776 notam
1070 3720 1345 3781 omnibus
1374 3722 1735 3798 confidebat,
1769 3736 1835 3787 ut
1876 3727 2108 3788 minime
2140 3738 2433 3788 vereretur
2471 3730 2520 3789 si

286 3811 429 3890 quid
461 3812 726 3891 asperim
756 3809 882 3873 ”ne
911 3814 1054 3893 quid
1101 3819 1410 3880 severitate
1457 3833 1656 3883 actum
1684 3836 1745 3886 et
1788 3844 1901 3885 uon
1931 3826 2128 3904 potius
2168 3827 2518 3890 necessitate

283 3909 673 3987 ⁸'‘judiearet:
719 3910 832 3970 hac
875 3909 1093 3972 fiducia
1137 3923 1196 3974 et
1234 3919 1489 3997 exempli
1530 3939 1712 3980 causa
1761 3921 2059 3995 inductus,
2089 3923 2147 3984 in
2189 3928 2517 4007 omnesqui

284 4006 383 4066 illo
422 4008 479 4066 in
510 4005 696 4086 opido
726 4018 936 4068 contra
976 4029 1111 4072 eum
1154 4032 1314 4075 arma
1356 4027 1727 4095 gestaverant
1766 4021 2053 4082 insuetum
2098 4022 2210 4083 sibi
2237 4025 2516 4105 supplicii

344 4199 412 4245 80
443 4194 717 4245 Nonnulla
739 4194 823 4245 bic
859 4195 1043 4249 deesse
1083 4202 1337 4267 suspicor,
1374 4221 1490 4257 cum
1514 4207 1581 4258 de
1621 4208 1851 4262 adventu
1875 4212 2096 4264 Caesaris
2131 4215 2512 4268 Uxellodunum

282 4277 405 4324 nibil
428 4275 724 4325 dicate-81
765 4277 924 4341 Lege,
940 4283 1305 4343 pervenit—82
1328 4284 1505 4353 Adde,
1537 4295 1908 4343 naturam-ea
1943 4292 2115 4357 Adde,
2126 4294 2343 4360 feci-net,
2362 4311 2420 4347 ne
2440 4298 2509 4348 id.

284 4360 411 4405 -84
452 4357 634 4419 Forte,
642 4356 961 4419 judicaretur.
