3117 5025
902 474 1002 524 na
1048 474 1228 524 vi‘rA
1274 472 1478 524 man
1527 471 1881 525 cannis.
2311 457 2482 526 1757

284 621 357 687 ad
400 625 764 708 colloquium
807 627 1124 708 pervenire,
1171 647 1289 692 non
1337 645 1401 686 se
1430 615 1757 704 'desperare
1806 619 2206 686 Romanorum
2231 624 2480 686 militum

282 724 529 785 salutem
556 745 592 785 a
635 724 755 785 suis
783 725 1067 784 militibus
1110 724 1405 804 impetrari
1448 743 1652 803 posse:
1697 724 1810 782 sibi
1842 743 1980 784 vero
2009 723 2057 782 si
2098 723 2320 794 veniat,'
2341 721 2485 783 nihil

280 841 407 882 esse
434 823 704 901 periculi,
734 822 912 902 inque
941 823 1053 883 hoc
1084 841 1247 882 suam
1276 840 1339 881 se
1367 819 1550 881 fidem
1579 819 1663 879 illi
1702 820 1981 899 obligare.
2064 819 2333 880 Credidit
2358 839 2484 880 ver-

270 917 373 978 'bis
402 920 578 980 miser
603 929 664 980 et
692 920 771 979 illi
800 917 977 981 fidem
1012 919 1217 998 babuit
1258 939 1294 979 a
1336 938 1457 998 quo
1500 929 1641 978 tunc
1673 918 1919 978 maxime
1959 916 2339 997 prodebatur.
2422 917 2482 979 Ο

282 1036 381 1077 seu
401 1036 569 1076 error
595 1018 798 1096 ingens
827 1037 932 1078 seu
976 1017 1108 1078 vitae
1150 1037 1308 1077 caeca
1336 1015 1662 1095 cupiditas!
1707 1025 1843 1076 ante
1888 1018 2168 1075 ²³tantum
2200 1034 2377 1095 quam
2406 1015 2485 1075 ad

281 1113 544 1175 bostium
586 1125 809 1194 pergat,
838 1114 1208 1195 propositum
1237 1133 1407 1173 sunm
1436 1114 1682 1192 collegae
1721 1113 1929 1192 aperit,
1972 1112 2117 1173 velle
2146 1133 2207 1172 se
2235 1113 2312 1173 ad
2343 1119 2488 1174 Am-

280 1211 567 1291 biorigem
596 1212 914 1291 proficisci,
947 1232 1109 1292 spem
1153 1212 1264 1273 sibi
1293 1212 1492 1272 salutis
1521 1212 1774 1282 ostendi,
1802 1231 1979 1291 posse
2006 1231 2142 1271 eum
2169 1229 2410 1290 quoque
2440 1209 2488 1270 si

279 1307 422 1370 velit
449 1329 653 1369 secum
681 1309 790 1369 ire:
834 1317 1011 1388 negat
1039 1309 1234 1380 Cotta,
1263 1317 1325 1368 et
1372 1318 1437 1369 ut
1464 1309 1655 1370 fracto
1682 1329 1784 1368 ore
1811 1308 1976 1388 loqui
2006 1316 2266 1388 poterat:
2310 1314 2329 1341 ⁴
2348 1307 2487 1367 Non

276 1404 399 1466 ibo’
425 1407 670 1486 (inquit)
699 1406 808 1467 ‘ad
840 1415 1128 1467 armatum
1159 1406 1428 1468 hostem·
1493 1407 1766 1485 Cumque
1795 1405 1906 1466 hac
1936 1403 2089 1466 fixus
2114 1404 2173 1464 in
2203 1403 2490 1464 sententia

275 1513 670 1583 permaneret,
698 1524 807 1565 nec
839 1504 1038 1564 divelli
1069 1512 1289 1584 posset,
1318 1503 1604 1575 Titurius,
1635 1514 1695 1563 et
1721 1505 1965 1564 tribunis
1991 1503 2235 1564 militum
2264 1511 2324 1562 et
2352 1522 2489 1562 cen-

275 1601 607 1662 rationibus
634 1603 798 1682 sequi
816 1601 1021 1679 jussis,
1055 1600 1160 1661 ivit
1189 1599 1313 1680 ipse
1344 1621 1464 1679 quo
1494 1600 1904 1673 destinaverat,
1933 1610 1996 1661 et
2025 1621 2147 1680 quo
2191 1620 2297 1660 sua
2324 1599 2485 1659 illum

278 1716 404 1759 sors
434 1700 728 1760 trahebat.
811 1700 1082 1777 Cumque
1129 1697 1207 1759 ad
1250 1697 1654 1778 Ambiorigem
1705 1698 2144 1779 propinquaret,
2184 1697 2364 1776 jussit
2391 1698 2487 1758 ille

275 1795 386 1856 sibi
430 1795 697 1874 inprimis
749 1805 814 1856 ut
852 1815 1012 1856 arma
1061 1801 1397 1875 deponeret,
1447 1807 1509 1856 et
1557 1801 1621 1873 (o
1666 1797 1841 1876 pejus
1875 1805 2083 1868 morte,
2128 1816 2166 1856 o
2197 1796 2484 1857 Coesareis

275 1894 451 1953 armis
474 1894 773 1954 insuetum
795 1892 1074 1968 dedecus)
1100 1893 1292 1972 paruit
1317 1894 1430 1955 hac
1460 1896 1519 1954 in
1547 1915 1611 1954 re
1641 1895 1874 1955 barbari
1901 1893 2147 1972 imperio
2167 1894 2486 1966 Romanus,

276 1998 336 2051 et
378 2010 593 2070 parere
639 1991 884 2052 comites
933 1992 1251 2072 praecepit:
1296 2002 1421 2052 tum
1469 1991 1704 2053 demum
1756 2012 1892 2053 cum
1940 1992 2146 2051 inermi
2198 1990 2273 2052 de
2322 1992 2489 2071 pacis

274 2088 719 2149 conditionibus
748 2090 842 2169 agi
869 2099 1165 2169 coeptum:
1212 2111 1463 2170 cumque
1491 2089 1569 2151 de
1612 2088 1901 2151 industria
1935 2087 2209 2168 proditor
2252 2097 2486 2169 tempus

274 2185 477 2266 trabit,
509 2186 856 2246 circumfusi
885 2186 1092 2246 sensim
1122 2187 1357 2248 barbari
1383 2187 1680 2248 Titurium
1711 2187 2100 2248 obtruncant:
2145 2186 2248 2266 qui
2284 2206 2488 2247 secum

270 2283 539 2343 exierant
564 2292 785 2362 quanta
814 2292 1057 2362 possunt
1086 2282 1161 2343 ad
1210 2303 1345 2344 suos
1372 2284 1667 2345 celeritate
1713 2283 2087 2363 confugiunt:
2132 2284 2331 2344 hostes
2362 2284 2491 2344 bar-

256 2378 484 2440 -barico
511 2379 738 2441 ululatu
767 2380 1071 2441 victoriam
1102 2381 1537 2442 conclamantes
1583 2381 1639 2441 in
1678 2384 1976 2442 Romanos
2000 2390 2198 2452 ruunt,
2229 2401 2344 2442 una
2373 2382 2492 2442 val·

272 2476 339 2538 lis
382 2489 557 2558 parte
608 2476 956 2550 condensos,
1005 2478 1137 2559 [94]
1183 2479 1430 2559 jamque
1482 2479 1579 2540 vix
1633 2480 1924 2561 impetum
1980 2479 2354 2551 sustinentes,
2406 2477 2489 2540 ibi

273 2575 685 2653 Aruncnlejus
712 2578 892 2638 Cotta
922 2576 1234 2636 fortissime
1262 2576 1544 2637 dimicans
1572 2577 1895 2639 occiditur:
1942 2577 2029 2637 vir
2073 2576 2230 2636 haud
2276 2576 2486 2657 dignus

273 2675 375 2753 qui
401 2673 617 2734 alienae
642 2673 903 2735 stultitiae
948 2694 1152 2753 poenas
1179 2674 1368 2736 daret.
1455 2676 1632 2736 Multi
1677 2677 1773 2736 alii
1820 2684 2120 2754 praeterea,
2149 2674 2301 2734 inter
2340 2693 2490 2752 quos

273 2769 383 2831 fnit
442 2770 728 2832 Lucidius
786 2770 1144 2831 Petrosidius
1199 2772 1483 2834 vexillifer
1530 2772 1707 2833 turba
1761 2772 2191 2833 circumventus
2249 2770 2491 2848 ingenti,

270 2868 553 2948 aquilam,
605 2865 852 2947 ²“neque
892 2866 1007 2928 sibi
1034 2876 1472 2947 extorquerent,
1502 2889 1642 2929 cum
1690 2870 1762 2929 in.
1797 2878 1990 2930 castra
2028 2869 2337 2946 jactasset,
2368 2868 2489 2946 ipse

270 2984 565 3045 generoso
616 2965 835 3043 impetu
881 2965 1089 3025 mediis
1140 2986 1265 3027 sese
1309 2967 1577 3027 hostibus
1621 2967 1872 3028 inferens
1918 2965 2232 3026 occubuit:
2278 2963 2490 3024 milites

270 3062 535 3124 ducibus
584 3062 821 3141 spoliati
872 3061 1057 3122 multo
1086 3062 1284 3123 labore
1312 3084 1384 3124 ac
1414 3065 1630 3125 virtute
1669 3085 1852 3144 usque
1901 3063 1977 3123 ad
2026 3070 2261 3124 noctem
2291 3061 2490 3124 locum

272 3159 376 3220 ubi
426 3159 820 3221 constiterant
842 3160 1279 3222 ‘defendes-unt.
1365 3144 1560 3223 Nocte
1610 3171 1806 3223 autem
1864 3161 2175 3240 desperata
2227 3158 2488 3239 undique

268 3257 480 3329 salute,
513 3275 589 3316 ne
614 3255 729 3316 vivi
755 3256 815 3316 in
845 3276 1049 3317 manus
1092 3258 1347 3318 hostium
1379 3260 1768 3338 pervenirent,
1799 3258 2070 3319 indomiti
2099 3257 2331 3337 spiritus
2362 3276 2490 3317 sese

268 3354 613 3415 ²⁵omnibus
658 3353 924 3415 manibus
972 3356 1219 3435 propriis
1268 3366 1658 3435 peremerunt,
1708 3365 1925 3436 praeter
1966 3374 2192 3436 paucos
2236 3353 2339 3436 qui
2383 3372 2491 3433 per

269 3450 427 3511 diem
458 3450 674 3530 proelio
702 3450 935 3531 dilapsi,
967 3451 1202 3512 incertis
1234 3450 1371 3512 hinc
1398 3453 1535 3513 inde
1562 3454 1897 3515 tramitibus
1926 3452 2003 3514 ad
2034 3453 2288 3533 legatum
2313 3452 2488 3512 alium
2535 3510 2562 3518 ,

268 3547 479 3609 Titum
512 3547 839 3608 Labienum
873 3547 1067 3608 tristes
1096 3549 1288 3609 nuntii
1333 3560 1773 3628 praecesserant.
1857 3552 1935 3611 Et
1979 3550 2076 3610 hic
2127 3548 2367 3629 quidem
2398 3547 2493 3607 in-

270 3646 485 3706 faustae
534 3644 779 3724 legionis
824 3647 1088 3706 interitus
1136 3646 1269 3720 fuit,
1316 3648 1468 3710 inter
1518 3657 1635 3709 tres
1677 3648 1817 3708 belli
1855 3648 2082 3708 externi
2107 3644 2488 3707 adversitates

270 3738 580 3804 Caesareas
611 3753 986 3803 numeratus:
1028 3742 1132 3803 ubi
1160 3742 1532 3806 admonuisse
1571 3747 1854 3806 lectorem
1891 3744 2097 3816 velim3
2145 3742 2309 3823 quod
2346 3743 2493 3802 Sue·

270 3838 470 3901 tonius
498 3838 885 3918 Tranquillus
914 3848 1124 3899 auctor
1174 3841 1546 3913 certissimus,
1578 3844 2010 3904 Germanorum
2038 3842 2155 3900 hoc
2185 3842 2243 3899 in
2272 3838 2490 3900 finibus

268 3930 565 3998 accidisse
586 3937 697 3997 ait:
740 3936 933 3997 Julius
978 3945 1177 3996 autem
1225 3937 1433 3998 Celsus
1482 3959 1680 4000 eomes
1729 3947 1792 3999 et
1836 3939 1938 4017 qui
1987 3938 2161 3998 rebus
2211 3935 2491 4006 interfuit,

269 4031 624 4095 Eburonum
654 4034 711 4094 in
740 4032 961 4096 tinibus
987 4036 1217 4095 factum
1245 4035 1439 4097 refert.
1523 4037 1663 4098 Non
1692 4046 1783 4097 est
1814 4046 2011 4097 autem
2033 4054 2242 4115 magna
2268 4033 2493 4095 dissen-

267 4128 356 4191 sio
395 4152 544 4193 cum
570 4141 634 4193 et
663 4140 804 4194 tunc
835 4133 1212 4194 conterminae
1240 4133 1507 4197 nationes
1533 4144 1745 4205 essent,
1793 4153 2118 4213 omnesque
2165 4131 2342 4193 hodie
2369 4130 2489 4193 sint

368 4357 439 4404 23
478 4354 655 4421 Forte,
675 4360 852 4421 tam,
871 4371 1012 4422 qm
1032 4359 1095 4409 ad
1115 4358 1444 4416 hom-²⁴
1476 4359 1640 4427 Lege,
1659 4372 1718 4410 ne
1736 4354 1979 4409 uin—ss
2008 4356 2171 4423 Lege,
2192 4366 2369 4411 ’Μ
