3117 5025
587 369 761 447 lfflo
1244 392 1305 441 J.
1350 391 1566 440 cuns:
1614 391 2154 442 coniusswrsun

589 551 804 626 s'p'ontc
829 544 1027 605 facere
1043 543 1483 618 constituerem,
1527 553 1593 604 nt
1622 563 1801 625 quam
1845 543 2207 606 leuissimum
2248 562 2344 604 ωε
2376 543 2725 625 proeberem,
2749 555 2814 610 et

588 644 945 724 Pompejum
975 642 1189 728 darem
1216 660 1458 720 operam
1487 651 1556 703 ut
1593 642 2076 704 reconciliarem:
2131 652 2422 703 tentemus
2452 643 2567 704 boc
2605 643 2812 717 modo,

590 742 639 803 si
665 759 1000 821 possumus,
1049 740 1308 800 omnium
1356 739 1690 800 voluntates
1734 759 2098 819 recuperare,
2144 748 2207 799 et
2246 740 2523 801 diuturna
2562 741 2813 803 victoria

592 839 715 901 nti:
775 847 955 919 quum
997 838 1205 918 reliqui
1231 837 1577 901 crudelitate
1604 837 1806 898 odium
1850 838 2108 918 effugere
2144 857 2264 898 non
2290 846 2589 917 poterunt,
2617 857 2812 918 neque

588 936 898 998 victoriam
926 937 1141 998 diutius
1183 946 1398 1007 tenere,
1438 944 1655 1016 praetcr
1696 955 1874 996 unum
1915 937 1986 997 L.
2015 934 2237 1007 Sinam,
2269 953 2446 1015 quem
2483 933 2816 996 imitaturus

589 1054 707 1098 non
735 1055 897 1096 sum:
942 1036 1072 1096 haec
1107 1055 1264 1096 nova
1287 1032 1495 1095 ⁶⁶ratio
1524 1032 1810 1107 vincendi,
1841 1041 1910 1094 ut
1948 1032 2350 1094 misericordia
2373 1042 2434 1093 et
2459 1032 2811 1095 liberalitate

590 1153 697 1194 nos
736 1133 1097 1194 muniamus:
1139 1133 1201 1194 id
1246 1130 1753 1212 quemadmodum
1798 1129 1924 1191 fieri
1982 1140 2197 1209 posset,
2238 1130 2522 1190 nonnulla
2564 1130 2710 1191 mihi
2748 1132 2810 1192 in

589 1240 843 1292 mentem
873 1232 1130 1305 veniunt,
1158 1240 1220 1292 et
1264 1230 1452 1291 multa
1493 1228 1735 1310 reperiri
1761 1238 2045 1308 possunt:
2087 1228 2164 1288 de
2189 1226 2276 1287 his
2314 1228 2492 1288 rebus
2515 1246 2664 1307 rogo
2701 1249 2810 1290 vos

588 1337 658 1389 ut
683 1328 1099 1408 cogitationem
1126 1326 1478 1407 suscipiatis.
1529 1324 1690 1388 '⁶⁷N.
1709 1325 1903 1406 magni
1936 1325 2202 1405 Pompeji
2224 1323 2572 1405 praefectum
2594 1326 2809 1407 depre-

588 1423 789 1497 hendi,
818 1425 1039 1486 scilicet
1079 1445 1213 1486 meo
1239 1424 1509 1485 instituto
1537 1442 1680 1484 usus
1708 1442 1860 1493 sum,
1891 1433 1953 1483 et
1978 1441 2114 1483 eum
2157 1422 2352 1482 statim
2381 1421 2622 1482 nissum
2651 1422 2811 1486 feci:

579 1523 712 1603 jam
740 1523 862 1584 duo
907 1523 1178 1603 praefecti
1201 1521 1519 1604 “partium
1562 1521 1830 1601 Pompeji
1859 1522 1917 1581 iu
1944 1541 2132 1582 meam
2156 1530 2505 1601 potestatem
2535 1541 2813 1602 pervene-

587 1630 744 1691 runt,
770 1631 829 1682 et
854 1639 893 1680 a
917 1641 1017 1681 me
1054 1620 1212 1682 missi
1252 1628 1419 1683 sunt:
1462 1616 1626 1679 ⁶⁹sed
1657 1619 1852 1678 volent
1879 1619 2030 1697 grati
2056 1638 2183 1679 csse
2210 1617 2516 1680 debebunt
2557 1618 2812 1700 Pompe-

581 1717 715 1797 jum
750 1716 987 1790 hortari,
1028 1727 1096 1778 ut
1136 1716 1301 1778 malit
1339 1715 1484 1776 mihi
1512 1734 1642 1775 esse
1682 1714 1929 1788 amicus,
1958 1736 2134 1795 quam
2178 1716 2268 1790 iis,
2299 1715 2402 1795 qui
2446 1715 2531 1776 illi
2569 1726 2632 1777 et
2671 1718 2813 1780 mihi

591 1833 825 1895 semper
878 1814 1117 1876 fuerunt
1171 1811 1573 1886 inimicissimi,
1630 1833 1882 1892 quorum
1938 1812 2194 1874 artificiis
2242 1813 2523 1876 effectum
2576 1823 2690 1887 est,
2744 1827 2813 1877 ut
2910 1865 2917 1872 .

586 1912 925 1992 respublica
965 1913 1027 1974 iu
1055 1913 1216 1974 huuc
1244 1921 1465 1974 statum
1504 1911 1875 1991 perveniret:
1954 1910 2165 1973 Eidem
2192 1931 2330 1971 cum
2357 1912 2433 1972 de
2463 1912 2580 1972 hoc
2621 1913 2810 1993 scrip·

587 2009 759 2070 sisset
810 2009 1156 2091 factumque
1194 2010 1496 2071 laudasset
1543 2010 1779 2082 Cicero,
1824 2009 1928 2089 qui
1982 2030 2044 2072 se
2091 2009 2221 2070 ⁷0sd
2278 2009 2557 2084 medium,
2601 2011 2813 2072 ”iuter

587 2127 799 2186 magna
831 2108 971 2168 licet
1009 2108 1264 2167 animum
1318 2106 1723 2179 fluctuatione,
1752 2116 1813 2168 ct
1868 2108 2051 2168 multa
2092 2108 2468 2169 consiliorum
2518 2108 2824 2182 verietate„

588 2213 875 2278 tenuerat,
921 2206 1219 2284 rescripsit
1267 2206 1357 2265 his
1410 2206 1638 2268 verbis:
1703 2213 1721 2239 ‘
1750 2206 1954 2268 caesar
2008 2206 2327 2285 imperator
2379 2206 2650 2267 Ciceroni
2705 2206 2813 2266 im-

589 2295 847 2381 peratori
899 2304 1145 2365 salutem
1186 2304 1355 2365 dicit.
1439 2305 1627 2365 Recte
1678 2303 1986 2383 auguraris
2032 2303 2109 2364 de
2149 2323 2266 2376 me,
2310 2304 2459 2365 bene
2501 2304 2660 2366 euim
2706 2303 2814 2365 tibi

588 2401 864 2480 cognitus
892 2421 1042 2473 sum,
1072 2400 1216 2462 nihil
1235 2422 1270 2462 a
1290 2421 1384 2461 me
1399 2402 1608 2463 abesse
1633 2401 1863 2480 longius
1889 2400 2273 2462 crudelitate:
2306 2402 2479 2482 [188]
2499 2412 2814 2483 atqueego

591 2519 730 2559 cum
748 2521 821 2560 ex
837 2500 966 2580 ipsa
990 2520 1053 2561 re
1072 2518 1343 2580 maguam
1366 2500 1543 2581 capio
1566 2500 1953 2580 voluptatem,
1974 2510 2097 2561 tum
2122 2520 2313 2560 meum
2330 2499 2556 2563 factum
2576 2499 2814 2580 probari

590 2598 699 2656 ubs
728 2609 785 2658 te
814 2598 1114 2679 triumpho
1153 2607 1214 2659 et
1242 2598 1509 2679 gaudeo:
1553 2619 1746 2680 neque
1785 2599 1928 2660 illud
1974 2619 2067 2660 me
2110 2608 2322 2669 movet,
2354 2597 2516 2677 quod
2560 2599 2618 2658 hi
2645 2598 2751 2678 qui
2777 2617 2814 2661 a

591 2714 685 2755 me
712 2694 937 2757 dimissi
974 2696 1362 2758 ⁷²discessisse
1403 2697 1704 2768 dicuutur,
1737 2705 1806 2758 ut
1845 2696 1988 2757 mihi
2027 2715 2229 2756 rursus
2257 2694 2473 2755 bellum
2501 2693 2816 2759 inferrent:

588 2792 732 2853 nihil
758 2795 915 2854 enim
956 2794 1133 2867 malo,
1162 2814 1345 2875 quam
1384 2803 1446 2855 et
1471 2814 1568 2856 me
1609 2793 1726 2856 mei
1765 2793 2007 2855 similem
2037 2813 2166 2854 esse
2202 2802 2265 2853 et
2300 2793 2427 2853 illos
2457 2791 2590 2854 sui?
2671 2794 2814 2865 Quo

588 2891 757 2952 dicto
782 2893 878 2952 vix
904 2893 1130 2972 aliquid
1161 2912 1423 2972 unquam
1450 2893 1575 2955 dici
1614 2893 1930 2974 gloriosius
1956 2912 2028 2953 ac
2071 2889 2536 2971 magnificentius
2593 2890 2813 2963 audivi,

589 2995 653 3048 et
680 2987 811 3049 haec
840 2988 1076 3067 quidem
1117 2999 1304 3062 extra,
1355 2989 1459 3051 sed
1487 3010 1604 3051 non
1648 3000 1716 3052 ut
1754 2990 2007 3051 arbitror
2045 2999 2250 3050 contra
2290 2988 2496 3049 seriem
2535 2987 2812 3061 historia,

587 3103 696 3163 pro
725 3083 1116 3146 delectatione
1159 3086 1398 3146 lectoris
1424 3086 1763 3166 interposui.
1845 3087 1942 3148 Ad
1986 3107 2108 3147 rem
2150 3086 2342 3147 redeo.
2426 3086 2581 3147 Cum
2610 3084 2815 3146 Caeur

591 3180 862 3261 Apuliam
917 3181 1239 3261 attigisset3
1311 3203 1449 3244 mox
1490 3184 1890 3246 Brundusium
1931 3183 2097 3257 adiit,
2172 3181 2646 3263 Pompeiumque
2681 3182 2814 3261 jam

589 3296 974 3358 praegressum
1016 3278 1213 3340 valida
1237 3280 1547 3342 obsidione
1589 3281 2012 3344 circumdedit:
2058 3281 2154 3342 de,
2182 3300 2304 3362 quo
2346 3280 2550 3341 iisdem
2592 3280 2816 3361 quibus

590 3396 769 3457 supra
789 3376 1157 3452 scribit,nam
1185 3388 1246 3442 et
1273 3382 1405 3442 lioec
1426 3382 1612 3444 animi
1636 3382 1766 3461 ejus
1792 3380 1967 3444 iudex
1989 3380 2243 3460 epistola
2269 3379 2519 3439 videtur.
2570 3387 2587 3412 ⁸
2611 3379 2814 3440 Caesar

590 3475 796 3556 Oppio
851 3477 1243 3557 Cornelioque
1280 3480 1546 3542 salutem.
1626 3481 1721 3542 Ad
1769 3495 1897 3540 vn.
1944 3477 2086 3538 ldus
2115 3476 2362 3537 Martias
2409 3475 2807 3537 Brundusium

588 3573 760 3634 veni:
802 3574 877 3635 ad
909 3594 1135 3635 murum
1164 3586 1359 3637 castra
1386 3578 1581 3657 posui.
1664 3578 1990 3658 Pompejus
2019 3585 2110 3636 est
2140 3573 2497 3636 Brundusii:
2543 3573 2707 3635 misit
2733 3574 2807 3635 ed

588 3688 687 3731 me
712 3670 850 3732 ⁷³N.
879 3671 1146 3753 Magium
1172 3672 1249 3732 de
1277 3693 1463 3753 pace:
1507 3694 1644 3755 quae
1662 3673 1786 3736 visa
1813 3683 1947 3734 sunt
1975 3673 2278 3752 respondi:
2322 3674 2454 3733 haec
2478 3691 2586 3732 vos
2612 3672 2812 3733 stetin

586 3767 741 3830 scire
768 3768 968 3830 volui:
1011 3790 1147 3830 cum
1176 3770 1235 3830 in
1262 3791 1424 3851 spem
1465 3791 1684 3833 venero
1710 3772 1787 3833 de
1812 3772 2244 3851 compositione
2269 3768 2495 3849 aliquid
2524 3788 2628 3831 me
2669 3789 2814 3830 con-

590 3863 788 3939 ficere,
837 3866 1036 3927 statim
1060 3887 1167 3928 vos
1203 3867 1479 3930 certiores
1526 3868 1782 3930 faciam?
1841 3870 1919 3930 Et
1958 3868 2236 3950 quoniam
2276 3877 2520 3947 propter
2569 3867 2807 3929 navium

586 3963 893 4041 penuriam
935 3965 1078 4024 mari
1104 3984 1240 4025 eum
1284 3965 1554 4027 obsidere
1581 3986 1699 4027 non
1741 3975 2009 4047 poterat:
2066 3967 2278 4026 timeus
2321 3964 2379 4025 id
2409 3963 2575 4044 quod
2601 3982 2808 4025 omues

588 4061 838 4140 cupiunt
864 4061 1080 4134 hostes,
1122 4061 1360 4142 fugam:
1403 4063 1849 4125 famosissimum
1887 4062 2326 4142 maximumque
2368 4061 2527 4123 illum
2567 4071 2807 4142 pertun

592 4236 601 4243 ·
653 4210 721 4257 oe
754 4205 931 4269 Adde,
963 4207 1181 4260 uie-w
1211 4209 1371 4274 lage,
1406 4209 1500 4261 Gn.
1523 4209 1894 4274 Mucium—fle
1928 4207 2458 4272 Adde‚subm.—00
2478 4207 2662 4273 Forte,
2679 4206 2808 4258 si.—

587 4293 656 4339 '1⁰
678 4289 857 4354 Forte,
875 4288 1167 4341 adhuc—71
1190 4290 1350 4357 Lege,
1368 4289 1424 4342 iu
1442 4295 1764 4356 mmm—⁷2
1788 4290 1961 4357 Adde,
1978 4293 2235 4343 σαι-78
2261 4290 2426 4353 Lego,
2448 4289 2544 4339 Cn.
