3117 5025
622 442 797 511 1846
1270 461 1328 510 J.
1374 458 1587 509 causi
1644 458 2180 509 consummati

610 611 997 691 jactationem
1046 611 1433 689 compositam
1480 611 1769 672 ⁸³Florens
1813 611 2002 672 dicat:
2046 609 2259 670 ‘Miles
2288 628 2468 694 parce
2504 608 2634 687 jam
2682 610 2829 672 civi·

623 709 785 769 bus:'
826 708 919 767 illa
943 708 1092 767 enini
1126 707 1351 768 vincere
1385 709 1722 787 satagentis,
1752 710 1880 767 haec
1910 709 2193 768 vincentis
2221 728 2323 767 seu
2341 708 2471 786 jam
2503 708 2742 769 victoris
2768 717 2830 768 et

570 819 577 826 ‘
621 806 942 867 miserantis
972 825 1082 864 vox
1115 804 1251 866 fuit:
1294 806 1393 865 illa
1421 806 1476 864 in
1506 806 1704 866 medio
1752 805 2017 884 ⁸⁴proelio
2066 805 2306 877 ardore;
2352 806 2463 865 hac
2502 806 2632 883 jam
2660 805 2828 866 victis

618 915 679 967 et
708 905 765 964 iu
792 906 990 983 fugam
1021 903 1197 964 versis
1228 904 1497 965 hostibus
1532 923 1671 963 usus
1699 913 1817 964 est:
1862 904 1981 964 illae
2025 904 2200 964 etiam
2237 902 2353 982 piae
2401 902 2534 966 voci
2579 922 2830 964 consen-

570 1026 577 1031 ·
617 1012 825 1066 taneus
850 1012 1019 1064 actus
1048 1001 1179 1072 fuit,
1209 1002 1370 1080 quod
1401 1002 1645 1063 cuilibet
1674 1021 1911 1062 suorum
1942 1002 2041 1062 uni
2071 1002 2326 1062 hostium
2357 1021 2533 1079 quam
2561 1009 2829 1080 optasset

619 1100 796 1161 vitam
825 1099 964 1160 dare
992 1100 1279 1177 permisit:
1324 1121 1433 1160 nec
1464 1101 1655 1161 iuiuus
1696 1102 1811 1172 ille,
1843 1100 2006 1180 quod
2039 1101 2097 1160 iu
2127 1109 2289 1160 tauto
2317 1098 2596 1160 conflictu
2632 1098 2826 1158 nullus

617 1199 880 1260 iuventus
905 1208 994 1261 est
1024 1200 1133 1259 nisi
1162 1209 1418 1261 armatus
1446 1202 1504 1261 iu
1553 1201 1677 1262 acie
1708 1201 2015 1262 cecidisse.
2097 1197 2420 1278 Pompejus
2450 1197 2725 1257 turbatus
2753 1215 2824 1256 ac

617 1300 849 1362 territus
878 1321 1113 1362 suorum
1145 1301 1468 1372 ordinibus,
1510 1311 1690 1364 tautae
1734 1304 1915 1363 ruiuae
1958 1302 2169 1361 molem
2220 1317 2331 1357 nec
2360 1294 2602 1360 sufferre
2628 1297 2829 1357 valens

615 1419 725 1460 nec
753 1400 1051 1470 attollere,
1094 1400 1315 1479 abjecit
1342 1402 1578 1480 pondus
1606 1405 1852 1485 imperii,
1876 1424 2058 1484 seque
2086 1400 2242 1481 fugae
2269 1398 2532 1472 tradidit,
2560 1417 2682 1460 non
2704 1404 2824 1455 tam

614 1500 802 1560 vivere
831 1502 1093 1580 cupiens,
1116 1524 1293 1583 quam
1324 1514 1589 1565 metuens
1618 1505 1787 1577 mori,
1816 1504 1991 1584 [209]
2018 1523 2090 1563 ne
2120 1523 2316 1563 secum
2348 1511 2510 1563 totus
2534 1501 2827 1561 exercitus

612 1610 963 1663 moreretur:
1010 1622 1131 1681 quo
1160 1603 1459 1673 submoto,
1487 1604 1615 1664 ⁸⁵ne
1641 1603 1893 1683 amplius
1921 1602 1977 1663 iu
2006 1602 2132 1663 acie
2162 1603 2356 1662 stetit:
2400 1599 2825 1659 documentum

488 1721 507 1728 ·
612 1698 838 1777 ingens,
868 1719 984 1761 nou
1036 1720 1268 1782 semper
1309 1704 1578 1783 proelium
1625 1725 1749 1765 esse
1789 1702 2125 1764 victoriam:
2169 1720 2301 1761 cum
2348 1708 2415 1758 ut
2457 1696 2618 1776 apud
2648 1696 2829 1775 scrip·

614 1808 767 1858 tores
797 1809 1049 1872 constat,
1100 1801 1178 1860 nil
1229 1799 1551 1882 ⁸⁶Pompeji
1603 1804 1792 1882 magni
1837 1821 2012 1882 quam
2057 1818 2295 1859 suorum
2339 1795 2603 1856 nocuerit
2630 1794 2829 1854 multi-

614 1895 792 1956 tudo·
834 1918 949 1958 nou
977 1898 1171 1959 miuus
1196 1908 1387 1960 tamen
1416 1901 1669 1961 arbitror
1703 1900 1910 1961 nocuit
1937 1898 2221 1979 indigesta
2250 1896 2519 1966 varietas,
2552 1912 2690 1973 quae
2717 1912 2827 1973 per

614 2015 792 2056 unum
820 1995 1049 2058 fraeuari
1078 2009 1137 2058 et
1177 1999 1297 2078 regi
1326 2000 1482 2060 nulla
1510 2000 1707 2080 potuit
1736 2000 1990 2060 ratione:
2035 1999 2164 2057 baec
2192 1994 2645 2056 Thessaliauicae
2673 2011 2826 2072 pug-

612 2111 704 2151 nae
731 2090 863 2152 finis
886 2094 1017 2166 fuit,
1047 2105 1114 2155 ut
1140 2096 1315 2156 etiam
1346 2107 1407 2157 et
1431 2090 1723 2178 Pompeji,
1752 2117 1824 2157 ne
1853 2098 1909 2156 in
1941 2116 2106 2157 suum
2139 2093 2400 2154 dedecus
2427 2110 2654 2171 paucos
2684 2089 2825 2151 vitae

609 2188 738 2248 dies
783 2185 1054 2268 ⁸⁷egerat,
1098 2193 1451 2274 longamque
1498 2195 1740 2274 gloriam
1783 2195 1944 2255 brevi
1985 2193 2173 2273 spatio
2200 2191 2615 2252 dehonestaret
2639 2197 2823 2268 atque

612 2284 930 2364 pollueret:
976 2288 1078 2349 sed
1109 2290 1194 2349 sic
1224 2291 1472 2352 ⁸⁸esseut
1498 2312 1590 2354 res
1620 2292 1920 2352 humanae:
1965 2291 2049 2351 nil
2094 2299 2213 2352 tam
2258 2288 2444 2348 altum
2493 2284 2655 2366 quod
2702 2303 2822 2346 non

612 2383 868 2463 ⁸⁹posset
898 2385 1161 2464 deprimi,
1206 2388 1286 2447 nil
1336 2398 1451 2450 tam
1483 2391 1704 2451 clarum
1736 2390 1895 2471 quod
1927 2409 2043 2451 nou
2074 2389 2266 2449 valeat
2292 2382 2616 2447 obscurari.
2704 2383 2828 2445 ltn-

611 2500 729 2559 que
784 2482 1126 2562 tempestiva
1178 2495 1363 2547 morte
1411 2487 1556 2548 nihil
1608 2487 1846 2549 melius:
1894 2486 1996 2548 sed
2044 2484 2119 2546 de
2167 2484 2278 2544 hac
2326 2490 2554 2562 postea.
2638 2479 2820 2541 Nunc

607 2589 867 2639 revertor
904 2579 981 2640 ad
1024 2580 1347 2643 Caesarem:
1394 2592 1564 2664 parta
1611 2594 1675 2646 ut
1720 2585 1939 2646 dictum
1968 2591 2056 2645 est
2082 2582 2352 2654 victorias
2371 2599 2506 2641 cum
2533 2587 2596 2638 et
2623 2578 2824 2639 Caesar

607 2685 803 2736 castra
854 2677 1110 2739 hostium
1160 2681 1408 2760 cepisset
1449 2692 1510 2742 et
1565 2680 1914 2761 Pompejani
1967 2680 2149 2758 aliqui
2203 2679 2262 2738 iu
2319 2684 2574 2738 montem
2619 2674 2823 2736 castris

606 2774 939 2852 proximum
966 2776 1329 2858 effugissent,
1359 2779 1625 2841 studiose
1650 2779 1771 2858 egit
1819 2799 1955 2840 cum
2002 2777 2308 2849 militibus,
2336 2794 2410 2835 ne
2449 2774 2533 2841 in,
2554 2773 2819 2854 praedam

538 2878 557 2889 “
602 2870 809 2931 intenti
836 2881 1065 2954 tempus
1090 2875 1212 2937 labi
1241 2877 1512 2949 sinerent,
1545 2898 1667 2958 quo
1713 2876 1905 2954 major
1941 2875 2329 2956 negligeretur
2366 2871 2622 2945 occasio,
2653 2869 2818 2952 quod

548 2964 553 2971 ’
604 2988 738 3028 cum
766 2967 1231 3045 ”obtinuissenn
1262 2984 1518 3035 montem
1550 2974 1989 3036 circumvallare
2016 2970 2334 3052 disposuit:
2378 2970 2578 3030 hostes
2606 2969 2817 3043 monti,

605 3065 769 3142 quod
818 3065 1137 3145 inaquosus
1182 3080 1326 3143 erat,
1357 3071 1709 3145 diffidentes,
1752 3071 2003 3134 ⁹¹abire:
2049 3068 2210 3155 quod
2250 3068 2446 3129 Caesar
2489 3066 2818 3147 intelligens

603 3160 884 3222 trifariam
906 3164 1154 3242 partitus
1182 3176 1276 3227 est
1298 3168 1522 3247 copias,
1555 3178 1623 3229 ut
1648 3189 1785 3249 pars
1811 3169 1869 3229 iu
1900 3168 2032 3239 suis,
2061 3184 2197 3245 pars
2223 3167 2283 3226 in
2304 3164 2579 3244 Pompeji
2606 3164 2819 3225 castris

605 3257 681 3317 ad
711 3260 1041 3321 custodiam
1070 3263 1370 3338 resideret,
1399 3284 1534 3344 pars
1564 3265 1894 3346 expeditior
1919 3284 2119 3326 secum
2145 3264 2256 3325 iret
2283 3263 2358 3325 ad
2391 3263 2591 3324 hostes
2618 3281 2820 3343 prose·
2861 3332 2866 3337 ³

604 3357 912 3435 queudos:
957 3378 1106 3438 quos
1150 3381 1286 3422 cum
1333 3382 1449 3424 nou
1496 3364 1676 3445 longo
1724 3364 2048 3426 ⁹²discursu
2096 3362 2288 3442 spatio
2335 3381 2523 3441 prope
2570 3369 2728 3421 esset
2753 3369 2820 3421 ut

600 3453 934 3532 attingeret,
963 3457 1046 3517 illi
1077 3458 1132 3517 iu
1165 3469 1424 3521 montem
1453 3462 1633 3522 alium
1681 3461 2175 3534 conscenderunt,
2222 3459 2397 3536 cujus
2444 3458 2520 3520 ad
2545 3458 2812 3521 radicem

600 3545 815 3611 fluvius
843 3552 1167 3617 labebatur.
1254 3558 1452 3618 Caesar
1496 3558 1618 3619 illic
1657 3578 1757 3619 eos
1784 3557 2040 3631 obsedit,
2067 3576 2138 3619 ac
2183 3555 2492 3627 militibus,
2542 3553 2816 3635 quamvis

601 3644 819 3709 diurno
846 3649 1049 3711 labore
1077 3650 1350 3733 fatigatis,
1380 3663 1440 3714 et
1466 3654 1756 3716 lassitudo
1789 3655 2073 3736 requiem,
2120 3662 2181 3715 et
2223 3672 2341 3714 uox
2388 3652 2659 3732 proxima
2686 3672 2818 3715 sua·

601 3744 804 3818 deren
851 3749 1138 3827 persuasit
1166 3759 1360 3810 tamen
1408 3759 1476 3811 ut
1509 3751 1723 3831 quietis
1765 3752 2133 3812 immemores
2178 3769 2397 3811 novum
2445 3748 2816 3830 susciperent

601 3841 882 3915 laborem,
927 3855 988 3906 et
1015 3845 1439 3908 munitionibus
1489 3847 1810 3927 interjectis
1858 3846 2074 3909 flumen
2100 3866 2138 3907 a
2179 3855 2381 3907 monte
2422 3856 2813 3920 secernerent,

602 3956 724 4016 quo
782 3950 1070 4003 nocturna
1119 3943 1331 4005 clausis
1387 3944 1799 4024 praeriperetur
1851 3943 2134 4024 aquatio:
2180 3942 2341 4023 quod
2399 3963 2536 4004 cum
2589 3943 2810 4006 finctum

600 4045 768 4108 esset,
797 4037 977 4098 territi
998 4038 1357 4102 deditionem
1382 4062 1491 4122 per
1516 4042 1755 4104 nuntios
1782 4042 2024 4123 petiere,
2052 4039 2329 4121 ”aliquid
2358 4041 2632 4102 senatorii
2660 4040 2814 4103 ordi·

667 4208 730 4254 ss
765 4203 923 4270 Lege,
962 4207 1282 4261 Fiam—sa
1324 4212 1485 4278 Lege,
1523 4213 1835 4279 prena-ss
1869 4214 2031 4279 Lege,
2069 4215 2353 4264 nem—so
2385 4211 2547 4275 Lege,
2589 4208 2809 4275 Pami-

598 4290 917 4346 magam—8?
949 4287 1127 4352 Forte,
1142 4297 1325 4353 agerat.
1329 4298 1458 4345 -88
1490 4296 1672 4360 Forte,
1698 4299 2095 4347 transenna—so
2127 4296 2288 4360 Lege,
2314 4293 2615 4358 φουνδ-90
2649 4292 2810 4356 Μεθ’

598 4362 888 4420 obtinuisset.
891 4372 1014 4420 —01
1050 4369 1209 4437 Lege.
1230 4371 1532 4429 abdera—92
1567 4379 1732 4445 Lege,
1750 4376 2133 4432 damme-9³
2168 4378 2346 4441 Forte,
2366 4371 2619 4440 ‘m-
