3117 5025
1049 414 1134 477 ea
1159 413 1394 481 mnu-
1426 414 1781 467 omasum.
1826 418 1839 435 ·
2328 398 2543 481 1065*

393 576 497 637 Jo.
529 568 769 642 Brantii,
798 565 1199 631 mom-vossii
1219 570 1305 628 ‘et
1329 567 1574 630 aliorum
1626 569 1781 631 notis
1823 588 1957 631 suas
1994 568 2229 633 a'ddidit
2264 571 2531 634 Ioannes

397 670 697 733 flavinius.
754 665 1066 728 Accedunt
1109 665 1380 744 ejusdem
1407 686 1569 727 eurae
1594 667 1868 729 seeundae
1898 684 2151 729 necnon
2183 668 2541 748 Maspha·-

399 768 480 829 εἰς
526 786 719 848 graeca
759 765 1041 825 librorum
1085 780 1214 825 vn.
1244 764 1321 839 de
1375 765 1532 825 bello
1581 765 1843 829 Gallico.
1900 765 2315 846 Cantabrigiae,
2364 766 2526 848 typis

397 863 776 926 academicis.

319 970 475 1031 1728
519 959 776 1021 Parisiis.
807 968 906 1021 24.
945 960 1087 1040 maj.

319 1057 473 1129 1731
524 1058 798 1120 Βοιιόἱιιί.
843 1068 901 1121 8.
948 1061 1163 1141 Repet.
1191 1062 1290 1122 ed.
1307 1058 1622 1122 Goduini
1607 1076 1667 1119 m
1698 1066 1866 1120 nsum
1896 1058 2200 1138 Delphini.

309 1188 398 1205 --
437 1156 671 1235 Lipsiae.
698 1165 756 1217 8.
811 1178 887 1218 ex
914 1178 1033 1219 ree.
1062 1167 1126 1219 et
1152 1179 1288 1220 enm
1319 1158 1474 1220 notis
1499 1156 1839 1236 Christopb.
1869 1156 2119 1219 Cellarii.

319 1252 479 1322 1736
521 1253 798 1315 Londini.
846 1264 941 1316 12.
971 1276 1045 1316 ex
1079 1256 1240 1318 offic.
1269 1258 1329 1320 J.
1357 1265 1419 1318 et
1444 1256 1519 1317 R.
1546 1256 1815 1316 Tonson.
1872 1254 2171 1335 Repetitio
2199 1252 2298 1315 ed.
2330 1252 2522 1315 Mieb.

393 1350 704 1417 Mainairii
731 1370 828 1412 an.
865 1352 1039 1423 1716.

309 1479 394 1492 -—
438 1447 680 1527 lipsiae.
706 1458 763 1511 8.
794 1470 867 1511 ex
893 1469 1014 1511 ree.
1041 1450 1383 1532 Ciu-iatoph.
1405 1450 1659 1514 Ceilani.

306 1576 395 1590 --
435 1544 830 1608 Vindobonae.
863 1557 920 1609 8.
940 1568 1074 1609 eum
1104 1535 1260 1612 notis
1287 1570 1471 1629 germ.
1501 1561 1562 1611 et
1590 1548 1754 1611 tabb.
1784 1567 1982 1629 geogr.

315 1646 478 1709 1737-
515 1642 830 1719 (Venetiis)
868 1644 975 1705 fol.
1007 1646 1146 1706 min.
1199 1667 1249 1706 s.
1302 1656 1362 1707 4.
1406 1644 1548 1724 rnaj.
1583 1647 1653 1707 C.
1684 1644 1825 1707 Iulii
1865 1645 2109 1707 Caesaris
2135 1664 2272 1724 quae
2318 1651 2523 1706 extant

394 1738 834 1811 omnia,1taliea
853 1741 1113 1813 versione
1141 1763 1175 1803 e
1192 1763 1304 1803 ms.
1334 1742 1542 1803 codiee
1557 1742 1637 1803 ad
1663 1741 2007 1803 hodiernum
2047 1741 2260 1820 stylum
2280 1759 2524 1802 accom-

395 1835 671 1906 modata3
715 1838 931 1901 tabuiis
958 1839 1132 1901 aeneis
1158 1860 1336 1920 quam
1382 1840 1669 1920 piurimis,
1719 1841 1813 1899 vel
1868 1838 2185 1909 historiam,
2242 1840 2334 1899 v'el
2390 1859 2528 1918 geo·

394 1933 699 2013 graphiam
747 1937 1194 2009 exhibentibns;
1287 1940 1444 1999 notis
1490 1948 1617 1998 tum
1670 1936 1963 1997 variorum
2007 1958 2081 1996 ex
2148 1937 2523 2010 Holland'ica,

393 2032 764 2112 Anglieaque
830 2034 1211 2106 editionibus,
1268 2044 1392 2096 turn
1435 2035 1530 2119 Δἰιι
1610 2044 1805 2095 nsum·
1856 2037 1984 2095 Ser.
2042 2034 2342 2113 Delphini,
2392 2034 2523 2095 'tum

331 2128 538 2201 .·'snis,
586 2129 772 2191 altero
809 2132 1008 2193 Touo
1037 2133 1413 2211 reperiendis,
1457 2133 1621 2193 anxit
1661 2133 2013 2195 Hermolaus
2054 2132 2364 2205 Albritius,
2397 2133 2523 2193 uni·

389 2227 631 2288 ven-salis
675 2229 830 2291 liter.
907 2230 1220 2291 Societatis
1269 2231 1613 2292 Albritianae
1655 2230 1945 2292 conditor.
1999 2231 2254 2291 Decreto
2297 2238 2361 2291 et
2409 2249 2524 2291 aere

363 2324 659 2403 eiusdem
688 2326 1001 2399 societatis,
1041 2347 1197 2388 anno
1225 2337 1422 2388 autem
1453 2324 1879 2398 'xus—Quem'
1904 2328 2124 2388 annun}
2172 2310 2531 2406 respondere.

365 2440 454 2481 a.
479 2422 553 2483 C.
588 2428 765 2493 1737.
795 2424 1001 2487 scribit
1029 2425 1293 2494 Painoni3
1354 2425 1444 2485 ad
1457 2442 1673 2485 annum
1697 2433 1893 2485 autem
1926 2421 2102 2493 1736.
2134 2424 2309 2484 refert
2338 2424 2522 2485 Ham-

393 2522 624 2600 berger.
694 2522 959 2585 Alterum
1017 2543 1153 2584 vero
1197 2525 1451 2587 Tomum
1489 2521 1773 2583 nondum
1840 2524 2007 2603 prelo
2074 2521 2301 2594 exiisse,
2358 2522 2525 2583 dolet

331 2618 646 2681 Paitoni.

305 2750 392 2770 ν-
435 2717 861 2797 LugduniBat.
907 2730 968 2781 4.
1012 2722 1154 2800 maj.
1185 2723 1258 2784 C.
1290 2720 1431 2783 Julii
1467 2719 1718 2783 Caesaris
1744 2719 1820 2780 de
1843 2717 1995 2779 bello
2002 2661 2251 2778 ’Gallico
2280 2727 2339 2778 et
2368 2717 2526 2781 civili

391 2812 780 2893 Pompeiane,
810 2837 922 2878 nec
953 2838 1069 2878 non
1091 2821 1165 2878 Α.
1192 2818 1385 2890 Hirtii,
1415 2817 1778 2895 aliorumque
1805 2816 1879 2877 de
1908 2815 2073 2875 bellis
2104 2813 2535 2887 Alexandrino,

390 2910 677 2972 Africano
693 2922 756 2974 et
774 2914 1143 2994 Hispaniensi
1165 2914 1600 2986 commentarii,
1613 2914 1690 2975 ad
1712 2924 2022 2974 msstornm
2045 2909 2222 2972 fidem
2246 2913 2525 2991 expressi,

335 3047 348 3054 ·
389 3009 790 3089 eumintegris
815 3013 968 3073 notis
982 3013 1158 3074 Dion.
1171 3014 1379 3084 vossii,
1393 3016 1490 3075 Jo.
1502 3012 1749 3074 Davisii
1751 3022 1811 3072 et
1838 3013 1997 3071 Sam.
2010 3010 2249 3071 clarkii.
2286 3012 2441 3072 Cura
2462 3022 2525 3071 et

335 3149 340 3158 .
393 3104 596 3166 studio
624 3107 920 3169 rmeisci
948 3109 1380 3190 Oudendorpii,
1412 3110 1514 3190 qui
1539 3130 1675 3170 suas
1702 3108 2228 3171 animadversiones
2255 3118 2313 3170 et
2335 3109 2523 3170 varias

392 3203 676 3265 lectiones
715 3204 962 3284 adjecit.
1013 3207 1206 3287 Lugd.
1266 3209 1400 3268 Bat.
1439 3207 1603 3286 apud
1658 3209 1722 3268 S.
1773 3207 2159 3267 Luebtmans.
2210 3207 2523 3267 Rotterod.

387 3300 552 3379 apud
601 3301 700 3363 Jo.
759 3305 916 3364 Dan.
968 3307 1209 3366 Beman.
1247 3325 1300 3366 e.
1350 3304 1492 3385 figg.
1497 3304 2042 3383 —Oudendorpins
2101 3315 2307 3382 magna
2352 3304 2528 3383 copia

394 3399 724 3461 Msstorum
775 3413 836 3463 et
887 3403 1056 3465 editt.
1113 3424 1292 3483 quam
1341 3404 1570 3476 babuit,
1627 3403 1918 3483 sapienter
1962 3401 2038 3461 ad
2096 3400 2526 3462 emendandum

393 3504 624 3558 textum
651 3518 798 3559 usus
820 3509 933 3561 est.
987 3502 1211 3562 Praeter
1235 3501 1586 3562 memoratas
1616 3501 1672 3559 in
1701 3499 1873 3559 titulo
1900 3498 2151 3576 integras
2181 3507 2367 3567 notas,
2396 3496 2524 3556 reli·

392 3613 646 3672 quorum
691 3598 868 3658 etiam
896 3600 1284 3679 interpretum
1311 3598 1835 3659 animadversiones
1864 3595 2178 3665 consuluit,
2208 3611 2525 3671 earumque

399 3713 713 3766 summam,
747 3696 845 3755 ubi
875 3716 1024 3775 opus
1068 3698 1247 3757 visum
1295 3705 1438 3768 erat,
1466 3694 1819 3775 propinavit.
1906 3692 2205 3752 ludieibus
2246 3689 2524 3769 praemisit

391 3791 696 3853 Dodwelli
722 3791 945 3872 disput.
977 3793 1055 3853 de
1082 3802 1321 3854 auctore
1366 3794 1469 3853 lib.
1501 3809 1661 3852 vul.
1710 3794 1783 3851 B.
1815 3792 1900 3851 G.
1929 3798 1991 3849 et
2010 3790 2183 3848 Alex.
2214 3787 2315 3848 Af.
2345 3795 2529 3866 atque

395 3890 570 3969 Hisp.
604 3891 748 3951 item
773 3892 901 3952 Jos.
933 3890 1215 3969 Scaligeri
1241 3890 1504 3952 notitiam
1533 3887 1768 3950 Galliae.

315 3996 478 4060 1739
523 3988 867 4068 Edinburgi.
924 3997 1018 4050 12.
1074 3990 1146 4048 C.
1175 3987 1317 4049 Julii
1367 3987 1615 4048 Caesaris
1658 3986 1732 4046 de
1780 3984 1939 4046 bello
1981 3982 2222 4046 Gallico
2258 3990 2320 4042 et
2356 3981 2530 4043 Civili

392 4086 822 4148 commentarii.

308 4217 396 4232 —-
437 4184 716 4247 Londini.
763 4194 819 4245 8.
863 4183 1348 4264 Rep.ed-.1720.

306 4311 404 4346 -ιι-
435 4281 734 4362 Lugduni.
781 4282 874 4343 16.
901 4301 975 4343 ex
1003 4303 1122 4345 ree.
1150 4281 1450 4363 Scaligeri.
1555 4275 1561 4283 ’

445 4380 625 4447 Βοῌι.
648 4386 697 4432 et
721 4380 836 4432 Vm·-
863 4382 994 4434 Clas.
1407 4380 1557 4432 Um.
2287 4379 2319 4424 0
2354 4374 2398 4423 P
