3117 5025
872 443 975 499 nn
1017 447 1201 498 vrrs
1247 447 1451 498 mnu
1500 445 1857 498 emaum.
2296 429 2474 496 1:755

257 579 631 658 vintoniae-e
682 587 808 642 tam
860 579 1063 642 multis
1114 577 1509 642 Romanorum
1562 577 1856 658 pudorem
1885 574 2299 656 inexpiabilem
2326 595 2474 644 con-

255 677 482 759 :misse
502 697 518 736 ε
536 735 543 740 ,
564 676 759 740 neutri
774 675 998 756 jugum
1024 676 1179 740 serre
1208 676 1584 756 propositum
1613 696 1765 736 esse.
1851 674 2120 753 Denique
2151 673 2333 734 videri
2357 673 2478 748 sibi

255 794 374 856 non
390 793 580 855 posse
603 773 729 836 sine
758 791 967 854 magna
996 793 1177 836 causa
1205 759 1608 852 Ambiorigem
1639 773 1750 833 ista
1776 771 2104 833 consulere.
2177 772 2478 842 Caeterum

254 891 633 953 quocunque
682 871 764 934 illi
812 873 887 934 sit
932 892 1134 943 mens:
1187 873 1503 934 consilium
1549 873 1745 952 ipsunt
1792 871 2054 949 undique
2103 880 2296 930 tutum
2341 888 2472 930 esse

250 989 449 1050 paug
476 969 538 1028 in
561 990 725 1032 mora
744 969 968 1048 aliquid
995 970 1446 1050 expugnationis
1465 979 1572 1031 aut
1597 968 1962 1039 obsidionis:
1996 968 2055 1030 in
2077 966 2332 1040 discessu
2363 986 2470 1027 au-

249 1078 369 1132 ten
399 1067 625 1130 nullum
668 1087 912 1147 prorsus
939 1086 1065 1128 esse
1094 1066 1450 1145 periculum:
1496 1066 1630 1147 [91]
1679 1085 1811 1127 nam
1842 1067 1890 1124 si
1921 1062 2061 1125 nihil
2090 1063 2360 1152 ambigui.
2376 1062 2472 1135 sit,

247 1185 354 1228 eos
378 1164 463 1228 nd
491 1166 818 1244 proximam
849 1164 1136 1242 legionem
1166 1174 1298 1224 tuto
1317 1165 1464 1226 calle
1486 1173 1785 1234 venturos,
1814 1163 2035 1223 nullum
2059 1181 2332 1241 passuros
2360 1160 2470 1222 nisi

248 1262 494 1326 unicum
519 1263 630 1322 viae
662 1261 849 1322 brevis
873 1259 1342 1321 incommodum.
1414 1261 1515 1322 Sin
1547 1270 1612 1322 ut
1639 1281 1739 1322 sua
1763 1260 1934 1322 ferret
1958 1259 2177 1340 opinio,
2209 1268 2471 1320 metuen-

245 1358 397 1428 dum
424 1359 647 1440 aliquid
700 1360 961 1431 instaret,
1007 1359 1230 1422 nullum
1260 1381 1385 1420 esse
1414 1359 1573 1420 aliud
1626 1380 1802 1439 quam
1852 1359 1908 1418 in
1935 1357 2246 1418 velocitate
2292 1375 2475 1424 reme-¹

246 1455 454 1520 dium:
499 1458 586 1517 sic
613 1456 706 1517 vel
750 1477 869 1518 non
916 1457 1181 1520 inutilem
1213 1467 1393 1529 certe,
1444 1457 1533 1517 vel
1580 1457 1940 1520 utilissimam
1987 1475 2112 1515 esse
2155 1451 2473 1533 profectio-

246 1574 423 1616 nem:
470 1575 697 1618 moram
743 1558 834 1616 vel
881 1556 1160 1635 presenti
1205 1555 1524 1624 discrimini
1573 1554 1892 1616 obnoxiam
1941 1553 2031 1614 vel
2079 1551 2281 1612 futuro
2304 1553 2339 1610 :⁹
2379 1550 2469 1622 his

248 1652 435 1716 Cotta
484 1654 781 1732 fortesque
825 1655 930 1716 vin'
976 1652 1074 1714 alii
1120 1653 1401 1716 acerrime
1451 1653 1816 1716 resistebant.
1901 1653 2115 1730 ltaque
2163 1658 2468 1711 crescente

242 1751 438 1830 litigio
487 1750 758 1810 Titurius
808 1749 868 1810 in
920 1749 1205 1830 collegam
1257 1749 1734 1829 indignabundus
1787 1748 2097 1818 exclamat,
2146 1747 2229 1808 sic
2276 1757 2340 1807 nt
2387 1746 2466 1806 ab

244 1848 524 1910 omuibus
550 1846 871 1918 audiretur,
898 1855 961 1906 et
990 1853 1007 1880 ‘
1032 1846 1285 1919 vincite:
1305 1847 1403 1916 ait,
1441 1845 1520 1906 ‘si
1547 1846 1788 1906 omnino
1817 1846 1900 1918 sic
1930 1854 2023 1905 est
2050 1846 2317 1906 animus:
2350 1862 2469 1904 non

243 1965 375 2010 anm
407 1965 521 2024 ego
560 1945 669 2024 qui
690 1943 876 2024 magis
907 1964 1084 2023 quam
1114 1964 1217 2005 vos
1244 1964 1446 2005 omnes
1476 1955 1725 2008 mortem
1753 1945 2019 2004 timeam:
2067 1942 2187 2004 sed’
2209 1947 2346 2020 ¹⁵(et
2375 1964 2472 2004 os-

243 2043 441 2106 tendit
471 2042 703 2117 milites)
731 2042 812 2104 ‘si
843 2042 986 2122 quid
1017 2042 1251 2104 advenit
1279 2042 1526 2115 adversi,
1547 2062 1584 2103 a
1604 2053 1663 2102 te
1690 2041 1927 2121 exigent
1956 2040 2268 2102 rationem:
2299 2041 2465 2121 quod

240 2140 289 2204 ai
317 2151 390 2200 tu
418 2139 772 2221 permiseris,
821 2159 951 2201 cras
996 2140 1112 2201 suis
1156 2139 1652 2201 commilitonibus
1679 2138 1985 2218 conjuncti
2010 2147 2072 2198 et
2114 2158 2176 2198 se
2201 2138 2467 2215 periculo

239 2238 571 2304 tacuerint
596 2248 657 2298 et
685 2258 794 2300 suo
841 2238 967 2298 illos
1003 2238 1259 2299 adventu
1298 2238 1601 2300 effecerint
1628 2238 1903 2299 tutiores:
1948 2236 2214 2315 alioquin
2245 2236 2466 2320 disgre7

238 2337 365 2415 gati
395 2355 431 2396 a
459 2334 600 2407 suis,
640 2345 744 2396 aut
773 2334 938 2396 famis
963 2346 1066 2398 aut
1097 2335 1232 2396 ferri
1260 2337 1511 2397 subituri
1540 2339 1718 2397 sunt.’
1799 2335 2053 2415 Rapitur
2077 2334 2301 2395 interea
2326 2355 2468 2420 con-g

186 2514 193 2523 ὃ
241 2434 475 2494 silium:
520 2431 731 2494 milites
776 2442 1087 2514 utrumque
1128 2432 1534 2505 circumstant,
1562 2433 1893 2504 obsecrant,
1940 2441 2048 2491 ‘ne
2091 2452 2198 2492 sua
2237 2432 2467 2495 dissen-

241 2532 412 2599 sione
458 2531 786 2609 perieulum
835 2530 1076 2602 faciant,
1110 2533 1211 2593 ubi
1257 2532 1584 2612 periculum
1633 2551 1751 2592 non
1794 2540 1918 2593 est:
1961 2552 2067 2592 seu
2118 2532 2336 2592 abeant
2361 2552 2463 2593 seu

241 2638 400 2691 stent
430 2638 564 2689 tuta
592 2648 720 2689 esse
765 2629 980 2701 omnia,
1029 2629 1213 2690 modo
1261 2631 1351 2690 sui
1400 2631 1588 2691 duces
1634 2650 1812 2690 unum
1843 2628 2131 2691 sentiant:
2177 2640 2386 2690 contra
2414 2628 2464 2689 si

239 2725 599 2793 dissentiant
643 2735 832 2791 tutum
882 2746 1011 2787 esse
1054 2726 1241 2793 nibil!
1323 2727 1485 2798 Quid
1538 2725 1750 2797 multa:
1792 2725 1867 2787 ad
1924 2726 2176 2787 mediam
2225 2736 2463 2789 noctem

238 2822 546 2905 vigilando
596 2833 656 2885 et
704 2823 1094 2903 disceptando
1140 2843 1231 2884 res
1281 2825 1551 2887 trahitur.
1617 2825 1702 2889 ,ln
1745 2842 1863 2901 qua
1907 2821 2150 2902 quidem
2179 2822 2465 2885 curiosior

240 2920 455 2985 fuerim
487 2919 736 2982 fortasse
765 2941 943 3002 quam
972 2921 1173 2995 debui,
1201 2930 1263 2982 et
1290 2922 1479 3002 potui,
1500 2920 1706 2991 fateor,
1738 2922 1831 2981 vel
1861 2940 1981 2980 rem
2010 2908 2196 2979 totam
2227 2928 2467 2997 proeter-

239 3020 493 3090 mittere,
523 3019 615 3079 vel
644 3020 829 3079 multo
854 3020 1230 3099 paucioribus
1252 3020 1668 3100 perstringere:
1699 3019 1799 3079 sed
1830 3018 2010 3079 deum
2034 3023 2218 3077 testor
2240 3014 2461 3077 miseris

238 3116 587 3189 hominibus
617 3115 691 3176 de
720 3117 919 3183 futuro
965 3118 1462 3192 consultantibus,
1493 3127 1555 3180 et
1599 3136 1811 3199 magno
1850 3116 1909 3175 in
1935 3114 2214 3193 ambiguo
2240 3113 2461 3175 consti-

239 3215 407 3287 tutis,
438 3235 556 3295 ego
584 3215 687 3295 qui
715 3216 939 3276 exitum'
964 3216 1045 3278 rei
1072 3217 1217 3287 scio,
1248 3238 1366 3279 non
1396 3217 1566 3278 aliter
1592 3213 1911 3278 scribendo
1941 3229 2281 3291 compassus
2308 3231 2458 3285 sum,

239 3332 419 3391 quam
451 3312 501 3371 si
526 3311 726 3373 futura
766 3333 924 3375 nunc
951 3313 1126 3374 etiam
1154 3333 1244 3375 res
1270 3314 1397 3394 ipsu
1445 3322 1505 3374 et
1551 3322 1727 3377 notus
1774 3311 1910 3373 mihi
1954 3307 2295 3369 miserabilis
2325 3308 2457 3373 finis

237 3406 419 3481 esset,
447 3408 549 3468 cni
574 3427 886 3470 occurrere
929 3428 1039 3473 nec
1070 3410 1320 3475 consilio
1349 3430 1589 3489 possem
1620 3429 1728 3471 nec
1755 3407 2001 3470 auxilio:
2045 3427 2115 3469 ea
2163 3426 2255 3466 me
2299 3426 2461 3471 com·

238 3507 443 3586 passio
495 3505 719 3565 diutius
769 3525 947 3585 quam
990 3507 1262 3569 volebam
1309 3505 1369 3568 in
1419 3487 1531 3568 bac
1578 3507 1908 3569 narratione
1953 3503 2235 3566 detinuit:
2280 3522 2458 3583 quam

240 3603 347 3665 tibi
404 3623 445 3664 o
496 3601 690 3663 lector
736 3603 820 3663 sic
866 3604 1142 3684 expedio.
1222 3605 1497 3681 Tandem
1544 3625 1689 3685 ergo
1736 3624 1856 3666 non
1904 3603 2128 3666 ratione
2174 3600 2456 3682 ¹⁶collega

238 3701 568 3780 pertinacia
596 3699 788 3760 victus
832 3702 1013 3763 Cotta
1060 3704 1385 3765 consentit:
1427 3712 1491 3764 et
1543 3702 1706 3784 quod
1756 3702 2028 3763 crebrum
2072 3703 2128 3762 in
2183 3700 2456 3773 consiliis,

238 3817 372 3877 pars
398 3797 667 3861 deterior
693 3797 993 3863 meliorem
1018 3798 1224 3862 vincit:
1270 3800 1641 3880 ediciturque
1681 3798 1959 3863 militibus
2005 3799 2272 3861 diluculo
2316 3818 2457 3877 pro-

239 3895 537 3961 fecturos:
581 3916 775 3976 neque
827 3905 1018 3959 tamen
1071 3899 1263 3960 noctis
1312 3899 1476 3979 quod
1521 3906 1824 3979 supererat
1851 3916 2053 3958 somno
2080 3897 2311 3969 datum,
2352 3896 2455 3961 sed

240 3993 621 4057 ati-auroram
654 4014 839 4074 usque
869 3995 1171 4073 vigilatum
1216 4007 1326 4068 est,
1368 3996 1681 4076 occupatis
1722 3994 1993 4055 omnibus
2039 3995 2199 4073 quod
2244 3995 2455 4059 efferre

242 4110 441 4156 secum
495 4099 746 4172 possent
791 4091 937 4172 quid
988 4093 1309 4174 relinquere
1356 4104 1728 4173 cogerentur.
1815 4094 1946 4173 [92]
2029 4093 2148 4155 Ubi
2196 4093 2450 4173 primum

241 4187 427 4252 illuxit
472 4189 697 4261 castris,
714 4188 1094 4269 egrediuntur
1133 4191 1337 4263 securi,
1369 4191 1533 4271 quasi
1578 4189 1883 4251 consilium
1926 4188 2185 4251 obeundi
2212 4208 2333 4251 non
2371 4190 2451 4250 ab
2511 4226 2517 4232 ·

850 4340 909 4389 ιο
945 4336 1117 4406 Adae,
1136 4339 1339 4395 ιιι-«ιο
1370 4296 1544 4407 rorte,
1560 4341 1644 4393 ua
1659 4338 1867 4403 onaan.
