3117 5025
469 337 651 406 1688
1281 353 1386 403 An
1433 352 1874 405 neronum.-

475 508 553 567 ut
579 499 873 586 scrupuli
898 497 1234 582 nonnullis
1264 518 1308 563 a
1332 497 1596 565 Sabino·
1615 506 1683 566 et
1710 498 2026 567 Carrione
2051 499 2304 585 injecti,
2334 500 2498 567 inter
2521 496 2696 587 quos

475 612 544 670 et
567 604 1010 688 Tanaquillus
1042 602 1263 668 Faber
1289 601 1439 681 fuit,
1462 621 1554 666 ex
1584 603 1821 668 animis
1849 604 2193 670 hominum
2217 605 2490 688 penitus
2517 606 2695 671 evel-

476 706 779 776 lerentur.
869 704 1019 771 Nec
1055 704 1365 790 equidem
1393 704 1708 787 indignus
1736 707 1840 771 e'st
1868 725 2233 791 anonymus
2258 706 2368 770 hic
2397 706 2701 787 lectione,

487 828 643 876 cum
670 811 915 874 multas
953 827 1190 893 graves
1219 808 1578 874 sententias
1606 815 1943 893 aspergat,
1993 829 2147 894 quae
2191 810 2507 893 lectorem
2544 829 2703 896 pos-

483 914 643 978 sunt
669 910 952 991 erudire,
982 918 1057 977 ut
1084 931 1212 977 non
1243 918 1348 978 est
1375 912 1444 977 in
1473 913 1953 994 cognoscendis
1984 912 2231 991 causis,
2262 933 2384 978 cur
2413 932 2701 998 quaeque

481 1022 669 1100 gesta
693 1016 848 1094 sint,
877 1017 1179 1096 obtusus,
1207 1036 1331 1081 nec
1376 1017 1631 1082 inutilis
1660 1017 1776 1081 aut
1817 1018 2186 1100 legentibus
2214 1024 2328 1083 aut
2353 1018 2701 1084 edentibus

485 1117 847 1186 Caesarem.
933 1117 1098 1184 Non
1122 1118 1247 1184 fuit
1273 1121 1443 1184 enim
1469 1119 1818 1205 imperitus
1845 1140 2059 1185 rerum
2086 1120 2546 1200 humanarum,
2576 1140 2702 1186 uec

483 1243 610 1308 pro
637 1228 837 1308 captu
862 1223 1043 1287 illius
1073 1223 1290 1288 aetatis
1317 1223 1649 1303 indoctus,
1678 1225 1928 1310 quippe
1964 1224 2080 1309 qui
2121 1223 2192 1289 in
2228 1225 2499 1308 scriptis
2538 1223 2706 1289 Tul·

481 1326 700 1406 lienis,
739 1326 1082 1410 praecipue
1109 1324 1180 1388 in
1208 1325 1514 1409 epistolis
1542 1325 1631 1390 ad
1667 1325 1966 1391 Atticum
1999 1326 2269 1392 minime
2311 1325 2515 1391 fuerit
2548 1326 2707 1391 hos-

487 1449 636 1514 pes,
662 1447 753 1493 ex
780 1429 1026 1513 quibus
1052 1446 1184 1492 non
1222 1446 1448 1511 pauca
1472 1429 1830 1513 excerpsit,
1860 1448 2014 1514 quae
2044 1427 2301 1494 faciunt
2324 1427 2415 1493 ad
2443 1427 2490 1493 J
2492 1413 2704 1493 ulium

489 1531 831 1598 Cae‘sarem
857 1521 1358 1608 defendendum,
1403 1548 1600 1615 quem
1624 1529 1986 1597 admiratur
2012 1531 2235 1609 unice,
2276 1536 2343 1596 et
2387 1529 2476 1594 ad
2515 1528 2708 1594 refel-

487 1634 686 1708 lenda
723 1652 1138 1719 quaecunque
1176 1633 1247 1697 in
1287 1633 1404 1697 illo
1445 1633 1985 1700 criminabantur.
2023 1687 2042 1712 .,
2073 1632 2301 1698 Editio
2345 1631 2466 1698 illa
2508 1632 2711 1698 unica

452 1802 459 1809 ,
491 1739 647 1804 anni
697 1753 815 1802 cm
843 1751 1290 1802 ccccnxxlu
1349 1735 1606 1801 mendis
1649 1735 1926 1803 infinitis
1970 1736 2374 1824 inquinatur,
2423 1741 2491 1800 et
2539 1753 2713 1818 prae·

493 1842 690 1926 cipue
748 1838 1122 1906 foedissime
1184 1837 1623 1904 dedecoratur
1695 1837 2109 1924 compendiis
2179 1838 2583 1922 syllabarum
2647 1839 2715 1901 et

489 1962 757 2021 vocum,
799 1962 953 2026 quae
991 1941 1174 2006 illius
1211 1941 1534 2026 temporis
1569 1940 1858 2007 librariis
1894 1944 1965 2006 et
2006 1940 2242 2024 primis
2276 1939 2713 2024 typographis

493 2052 683 2113 erant
722 2044 1103 2110 familiaria.
1134 2069 1139 2074 ·
1187 2043 1443 2109 Praeter
1470 2044 1620 2109 haec
1648 2043 2101 2127 expressimus
2127 2057 2279 2107 eam
2305 2041 2376 2105 in
2407 2041 2712 2106 omnibus

493 2152 654 2229 fere,
722 2149 1139 2230 intactosque
1191 2144 1583 2229 reliquimus
1633 2162 1889 2210 errores
1943 2143 2088 2210 sive
2146 2125 2514 2218 scribarum
2563 2143 2714 2209 'sive

499 2253 788 2320 auctoris
818 2251 891 2314 in'
919 2246 1394 2332 orthographia
1419 2266 1688 2327 vocum,
1716 2251 1859 2312 tum
1895 2245 2235 2312 homiuum
2280 2251 2348 2312 et
2388 2246 2715 2323 locorum,

498 2375 701 2444 quam
749 2354 1030 2419 aliarum
1090 2370 1332 2430 rerum,
1397 2368 1555 2434 quae
1606 2349 1806 2415 facile
1869 2353 2175 2435 poterant
2228 2346 2585 2426 emendari,
2638 2353 2716 2412 ut

496 2458 741 2526 Lector
765 2457 938 2524 banc
965 2453 1326 2521 editionem
1349 2452 1577 2537 legens
1604 2470 1682 2517 se
1706 2451 1992 2536 primm
2013 2450 2229 2535 legere
2256 2449 2452 2516 sciat·
2540 2447 2716 2514 Con,
2793 2441 2874 2461 --›·

491 2562 791 2649 jecturas
838 2563 909 2623 et
955 2558 1418 2634 correctiones,
1467 2574 1638 2641 quas
1683 2555 1996 2639 exigebat
2044 2553 2390 2632 sententia,
2436 2551 2717 2636 sing-ulis

498 2663 764 2749 paginis
792 2660 1225 2745 subjecimus.
1315 2658 1679 2744 Speramus
1714 2656 1914 2747 hujus
1958 2656 2116 2722 libri
2158 2654 2406 2741 paucis
2441 2652 2716 2737 cogniti,

502 2765 785 2832 Simlero
808 2769 984 2830 certe
1009 2768 1079 2828 et
1105 2760 1424 2841 Gesnem,
1465 2759 1996 2845 diligentissimis
2024 2759 2157 2825 illis
2182 2758 2500 2824 librorum
2527 2756 2717 2822 inda-

505 2869 847 2953 gatoribus
872 2865 1180 2955 ignorati,
1220 2886 1346 2933 uec
1384 2866 1455 2931 in
1489 2864 1869 2933 biliotbecis
1906 2859 2460 2945 locupletissimis
2502 2858 2721 2925 Galli-

508 2973 621 3052 cis,
640 2970 905 3055 reperti,
934 2968 1104 3032 utin
1127 2967 1407 3033 dubium
1433 2971 1803 3045 vocaretur,
1845 2983 2327 3056 num-unquam
2354 2962 2714 3041 efflasset,

508 3076 627 3139 aut
650 3072 869 3137 lucem
904 3068 1209 3149 vidisset,
1251 3068 1609 3134 editionem
1648 3086 1780 3132 uon
1817 3068 2138 3153 ingratam
2175 3065 2464 3133 fumi-am
2503 3065 2719 3133 homi-

509 3175 704 3243 nibus
726 3171 900 3240 belle
924 3170 1230 3240 curiosis,
1320 3169 1518 3236 Vale.
1610 3166 1802 3235 Anno
1832 3152 2231 3236 uncxdvn.
