3117 5025
565 411 740 484 1894
1212 430 1271 479 s.
1317 429 1530 479 onus!
1580 419 2118 481 commearunt

564 573 795 664 fuitque
813 582 923 643 illis
956 581 1129 643 unica
1155 581 1308 664 fugae
1336 603 1506 645 cura:
1547 594 1610 645 et
1637 585 1748 645 nisi
1772 604 1902 645 eam
1927 581 2295 645 ⁶²ludibrium
2324 581 2593 644 extincto
2620 602 2776 663 prae·

565 693 838 762 paratum
866 678 1143 741 mirificos
1171 677 1231 740 in
1262 681 1527 741 homines
1571 699 1797 741 versum
1834 679 1999 741 ⁶³est.
2092 682 2292 759 Rogus
2320 680 2373 739 ei
2399 687 2688 740 accensus
2715 679 2776 739 in

567 799 780 858 campo
816 769 1044 845 ,Mimio
1090 798 1256 840 secus
1305 782 1594 839 tumulum
1643 780 1833 850 Juliae,
1865 779 2064 839 nescio
2112 778 2347 859 quidem
2391 797 2466 838 an
2514 777 2653 837 filiae
2701 795 2778 836 an

566 879 800 948 sororiS,
833 877 1060 956 utrique
1087 877 1241 937 enim
1271 897 1484 938 nomen
1514 878 1734 939 fuerat:
1780 877 1937 938 aedes
1966 896 2140 936 aurea
2170 875 2380 955 templi
2426 874 2484 934 in
2529 873 2782 933 formam

568 965 867 1034 m'emoriae
909 974 1037 1050 ejus
1084 983 1381 1044 extructa;
1424 975 1613 1035 lectus
1650 975 1942 1037 ebur'neus
1988 994 2131 1033 auro
2159 982 2371 1034 stratus
2397 992 2467 1032 ac
2512 983 2782 1051 purpura·

567 1071 643 1133 ad
677 1081 855 1149 caput
882 1072 1049 1150 ejus:
1093 1072 1427 1151 trophaeum
1470 1072 1543 1131 ad
1576 1071 1838 1150 gloriam,
1870 1083 1930 1132 et
1956 1071 2127 1132 vestis
2157 1072 2212 1129 in
2243 1089 2362 1149 qua
2389 1080 2515 1130 erat
2542 1068 2781 1128 occisus

565 1168 640 1229 ad
668 1169 1232 1229 commiserationem
1260 1171 1646 1248 spectantium
1675 1169 2076 1230 excitandam:
2112 1170 2402 1247 simulque
2431 1169 2580 1227 inter
2610 1164 2784 1224 ludos

567 1265 836 1326 funereos
885 1265 958 1327 ad
1010 1267 1466 1329 misericordiam
1517 1269 1722 1341 occisi,
1765 1269 1940 1347 [273]
1994 1277 2054 1327 et
2109 1265 2381 1327 invidiam
2443 1264 2790 1323 occisorum·

566 1361 1003 1443 “pecuniarum
1035 1364 1178 1426 illud
1208 1366 1360 1426 inter
1386 1367 1498 1427 alia
1526 1367 1948 1428 decantatum:
1994 1373 2011 1399 ‘
2034 1366 2154 1436 Me,
2185 1383 2465 1431 servasse,
2496 1371 2560 1420 ut
2588 1366 2787 1419 essent

570 1461 675 1540 qui
721 1483 814 1523 me
855 1463 1219 1542 perderent?
1260 1462 1623 1524 laudationes
1654 1465 1711 1523 in
1756 1462 1953 1524 funere
2002 1462 2258 1522 virorum
2296 1460 2604 1521 illustrium
2656 1454 2786 1515 fieri

570 1558 777 1632 solitae,
827 1571 1072 1639 propter
1114 1561 1509 1639 prolixitatem
1554 1569 1616 1622 et
1662 1581 1940 1641 pompam
1989 1559 2229 1631 funeriS,
2274 1558 2372 1619 cui
2413 1555 2634 1616 ⁶⁵dives
2662 1572 2785 1613 non

569 1651 905 1717 suffectura
920 1659 1251 1730 videbatur,
1281 1661 1690 1738 praetermissae
1719 1670 1887 1721 sunt:
1933 1676 2251 1735 earumque
2295 1656 2357 1716 in
2384 1656 2588 1716 locum
2618 1671 2788 1713 sena·

567 1761 662 1814 tus
692 1753 1025 1815 consultum
1055 1754 1229 1814 breve
1270 1774 1375 1833 per
1400 1775 1738 1835 praeconem
1777 1757 1953 1835 jussu
2002 1752 2271 1814 Consulis
2320 1753 2628 1814 recitatum
2674 1759 2786 1820 est,

567 1869 690 1930 quo
744 1851 962 1924 Caesari
1016 1871 1218 1911 omnes
1275 1852 1526 1912 honores
1577 1851 1802 1912 divinos
1859 1853 2259 1931 humanosque
2314 1851 2682 1911 decreverat:
2724 1855 2790 1906 et

567 1955 848 2026 praeterea
867 1947 1316 2026 jusjurandum,
1345 1969 1468 2028 quo
1494 1969 1556 2009 se
1584 1969 1788 2010 omnes
1836 1968 1945 2027 pro
1996 1949 2182 2009 salute
2208 1947 2338 2026 ejus
2362 1946 2788 2025 obligaverant,

565 2054 637 2104 ut
663 2044 990 2106 evidentius
1033 2065 1151 2106 nou
1194 2048 1373 2108 modo
1417 2047 1598 2108 caedis
1626 2047 1728 2109 sed
1761 2046 2001 2126 perjurii
2030 2046 2217 2107 scelus
2243 2054 2424 2106 esset:
2472 2042 2598 2123 pari
2625 2061 2792 2103 oom-=

566 2141 793 2220 pendio
819 2142 1166 2219 permissum
1194 2153 1303 2214 est,
1336 2163 1579 2204 munera
1606 2144 1682 2205 ad
1715 2144 1891 2205 sunus
1920 2164 1992 2204 ex
2024 2163 2182 2204 more
2209 2142 2551 2212 ferentibus,
2573 2149 2637 2200 ut
2666 2139 2792 2213 sine·

568 2236 770 2299 ordine
799 2258 920 2317 quo
950 2240 1198 2319 quisque
1225 2241 1420 2312 vellet,
1451 2241 1508 2300 in
1537 2241 1742 2302 itinere
1769 2261 1938 2301 suum
1964 2260 2175 2300 munus
2201 2241 2259 2299 in
2289 2257 2562 2318 campum
2593 2237 2788 2316 ipsum

570 2336 857 2396 Martium
911 2337 1186 2410 deferret,
1256 2336 1395 2398 iude
1450 2340 1506 2397 iu
1565 2338 1756 2399 sorum
1812 2358 1848 2397 a
1904 2337 2331 2417 magistratibus
2387 2336 2621 2396 delatus
2676 2345 2789 2395 est.

567 2432 851 2513 Dumque
882 2434 1120 2494 ubinam
1150 2435 1500 2496 cremandus
1549 2444 1706 2496 esset
1753 2434 1812 2494 iu
1860 2435 2247 2516 quaestionem
2277 2434 2543 2505 venisset,
2572 2433 2796 2511 aliique

566 2528 626 2589 iu
655 2532 839 2604 curia,
888 2531 946 2592 in
995 2552 1115 2613 qua
1161 2533 1397 2594 occisus
1445 2542 1590 2607 erat,
1633 2535 1726 2595 alii
1775 2535 1833 2594 in
1881 2534 2030 2596 cella
2054 2534 2216 2596 Jovis
2246 2533 2545 2593 dicerent:
2590 2531 2792 2591 subito

569 2625 693 2688 duo
720 2627 828 2689 viri
856 2626 1041 2709 ignoti
1070 2630 1358 2692 succincti
1384 2630 1617 2711 gladiis,
1645 2641 1705 2691 et
1723 2631 1932 2709 jacula
1958 2631 2096 2693 bina
2115 2637 2425 2709 gestantes,
2444 2628 2794 2688 ardentibus

529 2721 831 2788 .⁶⁶cereris
876 2726 1007 2806 igne
1056 2746 1311 2789 accenso
1365 2728 1727 2789 diremerunt
1774 2728 1958 2800 litem,
2009 2729 2313 2808 secutique
2361 2746 2564 2787 omnes
2599 2725 2794 2805 -quasi

572 2821 855 2883 divinitus
904 2833 1411 2903 praemonstratam
1463 2826 1637 2898 viam,
1686 2825 1856 2886 multi
1904 2836 2113 2892 ventes,
2158 2822 2326 2886 mul'ti
2369 2843 2530 2883 arma
2574 2823 2794 2902 quibus

570 2918 763 2981 ornati
810 2919 1190 2994 advenerant,
1224 2920 1472 2981 flammis
1512 2921 1802 3001 injecere:
1851 2922 2149 3001 praecipue
2203 2922 2478 2992 veterani,
2532 2922 2637 3001 qui
2683 2921 2798 2981 sub

574 3015 679 3076 illo
710 3016 1183 3079 victoriosissime
1223 3018 1561 3091 militariam,
1592 3020 1764 3099 quasi
1801 3020 1932 3098 jam
1975 3020 2152 3080 armis
2202 3020 2328 3080 vale
2375 3018 2662 3089 dicerent,
2692 3018 2794 3079 illo

572 3112 855 3185 extincto,
885 3116 989 3195 qui
1016 3135 1311 3176 summum
1339 3117 1529 3177 fuerat
1554 3117 1741 3177 decus
1769 3136 2089 3177 armorum.
2158 3118 2455 3177 Matronae
2482 3115 2658 3175 etiam
2690 3135 2798 3177 sun

575 3210 635 3270 in
683 3210 868 3290 ignem
912 3222 973 3272 et
1016 3212 1271 3274 filiorum
1297 3225 1643 3276 ornamenta
1680 3215 2034 3293 jactabant:
2081 3215 2273 3274 luctus
2299 3214 2499 3292 ingens
2539 3212 2656 3273 fuit
2683 3216 2798 3273 noti

498 3338 503 3345 ·
576 3308 975 3369 Romanorum
1001 3309 1181 3370 modo
1226 3311 1329 3372 sed
1375 3321 1708 3374 exterarum
1738 3313 1998 3394 gentium
2028 3332 2286 3391 quoque,
2317 3310 2566 3372 maxime
2590 3311 2627 3372 J
2634 3310 2802 3370 udae·

575 3424 768 3478 orum,
797 3405 902 3486 qui
930 3407 1305 3486 sepulchrum
1344 3409 1474 3488 ejus
1523 3412 1751 3492 aliquot
1798 3410 2094 3473 continuis
2142 3408 2418 3469 noctibus
2460 3427 2570 3487 pro
2596 3406 2804 3468 officio

573 3502 1042 3583 frequentarunt.
1124 3506 1376 3569 Peracto
1403 3508 1605 3570 funere
1652 3511 1824 3589 plebs
1870 3511 2138 3570 Romana
2163 3504 2238 3567 ad
2267 3505 2511 3567 domum
2541 3503 2713 3566 Bruti
2742 3514 2804 3567 et

577 3600 765 3660 Cassii
792 3600 1023 3663 facibus
1049 3614 1272 3665 armata
1299 3605 1629 3678 contendit,
1659 3606 1874 3687 vixque
1903 3605 2041 3665 inde
2068 3603 2301 3684 repulsa
2326 3600 2625 3663 ⁶⁷Erulum
2655 3602 2803 3662 Cin-

576 3716 714 3759 nam
767 3699 1067 3761 infelicem
1113 3702 1408 3782 quendam
1456 3704 1755 3766 bominem
1806 3724 1948 3766 casu
2004 3701 2248 3763 obvium
2296 3718 2495 3761 errore
2546 3697 2808 3760 nominis

576 3796 786 3859 delusa
831 3798 1167 3879 discerpsit,
1218 3801 1459 3864 credens
1506 3804 1689 3864 alium
1738 3824 1891 3877 esse,
1922 3822 2099 3884 quem
2147 3797 2506 3861 mordaciter
2548 3815 2656 3876 per
2696 3817 2803 3857 eos

573 3892 700 3954 dies
727 3903 931 3957 eontra
952 3897 1245 3959 Caesarem
1273 3900 1538 3960 locutum
1566 3920 1694 3961 esse
1723 3900 2055 3970 constabat,
2080 3895 2254 3979 [274]
2282 3893 2586 3973 affixitque
2607 3893 2802 3955 hum

581 3999 768 4072 caput
806 3992 970 4055 velut
998 3992 1193 4056 taliter
1220 4014 1393 4057 suum
1439 3995 1658 4058 ducem
1702 3997 1827 4058 ulta
1853 3995 2122 4076 gestavit.
2204 3993 2307 4054 Sic
2353 3990 2562 4052 alienae
2604 3991 2801 4070 culpo

636 4237 705 4284 os
737 4233 953 4302 Aliquid
975 4237 1143 4303 deo-t,
1174 4243 1238 4290 ut
1266 4238 1606 4306 ατεμὼωε
1636 4245 1731 4292 ιιιι
1761 4239 2076 4290 simila—oa
2111 4235 2274 4300 Lege,
2310 4233 2579 4281 mete—⁶⁴
2614 4231 2797 4293 Forte,

573 4313 1038 4372 pacm-os
1073 4319 1251 4385 Forte,
1272 4319 1526 4374 diem—oo
1559 4324 1720 4387 Lege,
1737 4321 2032 4373 cerm—67
2067 4316 2251 4379 Forte,
2275 4313 2522 4364 Haetuan:
2558 4311 2634 4363 sie
2651 4311 2796 4362 Suet.
