3117 5025
609 343 790 432 'toeo
1263 356 1326 411 ι.
1350 352 1585 410 ‚onim
1629 355 2171 410 conmanunt}

612 527 724 584 ent.
805 511 1263 596 conjurationen
1308 521 1515 575 eontra
1560 532 1623 573 se
1650 510 2045 591 deprebensae
2081 528 2208 570 non
2249 508 2550 590 prevenit,
2575 506 2686 570 aed
2711 506 2827 572 ibi

610 627 782 682 notus
805 635 931 677 esee
965 612 1296 675 admonuit:
1339 612 1492 672 male
1532 611 1611 672 de
1637 631 1702 672 se
1744 608 2125 691 loquentibus
2152 599 2338 667 edixit
2363 614 2433 666 ut
2458 604 2824 668 desinerent:

610 723 835 788 ututuas
885 713 1066 775 Sunae
1097 720 1276 791 atque
1306 708 1577 790 Pompeji
1603 729 1641 770 a
1686 711 1956 771 Romana
1997 706 2177 788 plebe
2203 703 2502 785 depositas
2528 701 2825 774 restituit3

610 830 961 892 nec,passus
988 817 1080 869 est
1103 806 1378 869 extinctis
1406 806 1678 868 hostibus
1705 825 1916 867 nocere
1944 804 2214 865 favorem·
2233 821 2426 874 suum,
2456 801 2557 880 qui
2584 798 2833 861 viventi*

614 908 729 975 bun
755 927 875 969 non
900 915 1159 968 noceret.
1241 906 1517 986 Denique
1542 923 1747 965 omnes
1774 903 1853 981 inj
1863 901 2015 963 urias
2043 901 2313 962 omnibus
2339 897 2589 960 remisit:
2633 916 2830 978 neque

611 1005 755 1068 alibi
780 1027 958 1086 quam
986 1006 1047 1065 in
1101 1004 1307 1085 proelio
1335 1003 1576 1083 periisse
1617 1002 1846 1081 aliquos
1894 1020 2129 1062 suorum
2176 998 2439 1060 hostium
2476 1003 2691 1058 notum
2717 1006 2832 1068 est,

609 1104 727 1168 nisi
754 1103 1064 1166 Afranium
1112 1111 1182 1164 ut
1225 1103 1559 1191 perhibent,
1608 1108 1668 1162 et
1716 1101 1994 1161 Faustum
2042 1098 2287 1169 Sullam,
2332 1116 2406 1157 ae
2434 1096 2502 1158 L.
2532 1095 2834 1157 caesarem

601 1202 915 1283 juvenem·
958 1220 1302 1283 quanquam
1327 1210 1387 1262 et
1414 1199 1539 1261 duo
1562 1199 1735 1280 primi
1761 1205 2012 1279 accepta
2038 1195 2214 1258 semel
2248 1193 2418 1256 venia
2441 1191 2833 1273 postmodum

608 1300 1011 1374 rebellassent,
1039 1307 1100 1361 et
1134 1298 1211 1360 de
1235 1317 1440 1360 eorum
1466 1305 1656 1359 morte
1681 1294 1906 1357 ²⁵'alter-i
1949 1293 2286 1374 scripserint
2312 1290 2416 1371 qui
2441 1290 2623 1352 rebus
2652 1290 2833 1350 inter-

609 1397 884 1465 fuerunt:
915 1407 977 1458 et
997 1397 1202 1458 tertius
1228 1415 1425 1458 servos
1453 1395 1703 1457 Caesaris
1729 1414 1803 1454 ae
1829 1394 2068 1455 libertos
2097 1392 2251 1453 ferro
2277 1400 2339 1451 et
2363 1389 2484 1469 igni
2512 1387 2836 1452 crudeliter

610 1506 942 1568 enecassetg
975 1495 1080 1556 sed
1109 1515 1183 1556 ne
1207 1494 1316 1556 hos
1344 1492 1587 1575 quidem
1617 1481 1732 1553 suo¹
1746 1492 1944 1572 jussu,
1970 1490 2136 1550 ³0sed
2165 1508 2454 1551 consensu
2485 1486 2833 1548 interfectos

610 1593 831 1665 dieunt,
861 1593 965 1673 qui
990 1600 1262 1653 asserunt
1287 1600 1427 1673 poet
1453 1589 1760 1652 victoriam
1781 1588 2147 1650 interfectos.
2227 1587 2381 1647 Cum
2410 1604 2551 1646 vero
2580 1583 2839 1663 petenti·

612 1691 727 1752 bus
774 1689 1066 1770 sigillatim
1114 1689 1443 1769 ignovisset,
1472 1686 1785 1749 novissime
1813 1686 2098 1746 universis
2126 1683 2304 1745 etiam
2342 1702 2461 1743 ιιοιι
2490 1681 2832 1762 petentibus

612 1787 842 1850 veniam
869 1785 1056 1858 dedit,
1079 1806 1153 1846 ae
1181 1786 1473 1843 licentiam
1504 1785 1566 1839 in
1596 1785 1826 1844 ltaliam
1848 1783 2157 1855 redeundi,
2185 1792 2366 1862 atque
2392 1781 2469 1842 ad
2496 1782 2755 1842 honores
2776 1788 2837 1840 et

610 1885 856 1964 imperia
884 1884 1041 1944 bello
1065 1880 1421 1961 praeclusum
1448 1876 1675 1937 aditum
1712 1876 1963 1956 aperuit,
1988 1879 2303 1940 ostendens
2340 1878 2559 1950 verbis,
2583 1886 2665 1950 et,
2697 1896 2835 1957 quae

608 1981 843 2044 mentiri
888 1980 1167 2053 nesciunt,
1214 1978 1412 2050 rebuS,
1457 1977 1682 2036 nullum
1730 1995 1793 2036 se
1821 1976 2053 2036 hostem
2099 1984 2240 2055 post
2286 1974 2569 2037 bellorum
2600 1976 2834 2038 exitum

610 2079 857 2142 habere:
899 2076 975 2139 de
1004 2097 1126 2157 quo
1154 2076 1383 2148 Cicero,
1411 2076 1519 2137 etsi
1560 2084 1699 2156 post
1739 2075 1870 2154 ejus
1917 2073 2217 2135 interitum
2243 2073 2636 2153 obloquatur,-
2663 2074 2834 2157 quod

608 2175 825 2237 invitus
872 2174 1035 2254 lego·
1079 2182 1279 2236 tamen
1324 2181 1475 2236 ante
1507 2171 1594 2233 sie
1642 2171 1903 2234 dixerat·
1950 2172 2274 2233 ‘Videmus
2318 2184 2478 2233 tuam
2527 2173 2834 2249 ³¹gloriam

612 2272 952 2353 proeliorum
978 2270 1140 2333 exitu
1168 2270 1560 2343 terminatam,
1590 2269 1849 2349 gladium
1876 2270 2087 2350 vagina
2130 2291 2384 2332 vacuum
2410 2272 2471 2330 in
2511 2271 2682 2332 Urbe
2714 2291 2834 2334 non

614 2368 902 2432 vidimus.
944 2388 1095 2448 quos
1141 2367 1439 2428 amisimus
1488 2368 1667 2441 (τίνει,
1715 2389 1817 2429 eos
1866 2369 2074 2429 Martis
2120 2368 2207 2429 vis
2249 2369 2510 2448 pertulit,-
2565 2389 2692 2430 non
2749 2365 2835 2431 ira

610 2467 902 2530 victoriae:
947 2467 1034 2528 Ut
1060 2465 1332 2528 dubitare
1378 2465 1596 2527 debeat
1627 2485 1824 2539 nemo,
1875 2465 2018 2545 quin
2063 2467 2316 2540 multos,·
2346 2465 2393 2527 si
2442 2464 2568 2528 fieri
2608 2478 2833 2548 posset,

611 2566 684 2628 C.
715 2567 916 2628 Caeaar
960 2567 1037 2628 ab
1083 2566 1280 2627 inferis
1324 2566 1629 2639 excitaret,
1679 2566 1957 2644 quoniam
2004 2586 2078 2626 ex
2124 2566 2331 2628 eadem
2359 2565 2487 2626 acie
2514 2577 2835 2628 conservat

611 2683 764 2745 quos
793 2666 1051 2744 potestz’
1090 2661 1265 2746 [268]
1304 2664 1432 2724 haec
1475 2662 1738 2724 ³²1evitas
1783 2671 1845 2723 et
1890 2664 1950 2723 hi
1971 2684 2190 2724 ‚mores
2233 2664 2484 2725 Caesaris
2513 2663 2620 2741 qui
2667 2664 2834 2726 illum

605 2760 791 2823 totius
819 2761 1062 2824 humani
1090 2763 1316 2840 generis
1344 2779 1543 2822 amore
1586 2759 1992 2840 dignissimum
2035 2760 2231 2821 facere
2264 2761 2646 2834 debuissent;
2695 2763 2831 2834 eibi,

558 2912 573 2919 -
609 2859 776 2945 quod
825 2859 1113 2939 suspicari
1140 2858 1387 2938 quidem
1414 2859 1576 2928 lieet,
1616 2857 1932 2936 perniciem
1972 2859 2321 2919 attulerunt:
2365 2859 2524 2920 visus
2548 2869 2644 2919 est
2668 2861 2830 2920 enim

608 2966 743 3019 tuto
770 2955 908 3017 laedi
935 2976 1127 3037 posse,
1157 2958 1262 3036 qui
1290 2955 1489 3016 omnia
1514 2955 1788 3016 omnibus
1815 2955 2140 3034 indulgere,
2171 2956 2314 3017 nibil
2359 2955 2574 3018 soleret
2601 2958 2833 3031 ulcisci,

610 3062 916 3133 praetentae
956 3063 1152 3113 tamen
1181 3054 1310 3114 aliae
1335 3070 1532 3114 causae
1560 3062 1732 3112 sunt:
1775 3061 1839 3115 et
1882 3054 2055 3115 facile
2100 3063 2186 3114 est
2213 3073 2420 3114 causas
2451 3054 2542 3114 vel
2571 3052 2832 3116 invenire

609 3149 704 3213 vel
732 3148 973 3230 fingere.
1056 3151 1377 3231 objiciunt
1422 3151 1507 3211 illi
1555 3151 1950 3224 insolentiam,
1993 3151 2092 3212 eui
2142 3162 2301 3212 certe
2343 3150 2631 3230 adjuncta
2679 3153 2834 3214 solet

608 3247 1007 3323 {³crudelitas,
1040 3269 1195 3329 quae,
1243 3261 1309 3309 ut
1354 3249 1641 3330 ³⁴1iuquit,
1686 3250 1764 3311 ab
1806 3251 1908 3310 illo
1951 3251 2125 3330 longe
2172 3250 2349 3311 afuit:
2393 3260 2459 3310 ut
2501 3252 2579 3313 sit
2625 3260 2826 3314 autem

607 3346 765 3407 mitia
792 3345 1117 3420 insolentia,
1145 3347 1309 3428 quod
1353 3349 1449 3408 vix
1492 3370 1619 3409 esse
1655 3360 1877 3429 posset,
1903 3347 2243 3429 ³⁵praefecto
2274 3359 2437 3409 tanta
2465 3357 2605 3427 post
2633 3350 2825 3410 victo-

605 3442 721 3506 r'iaa
749 3443 1003 3506 desierat
1026 3466 1160 3505 esse
1187 3442 1539 3519 ³⁶mirabiliS,
1571 3458 1632 3507 et
1659 3456 1952 3525 gestarum
1981 3465 2174 3507 rerum
2200 3446 2566 3507 conscientia
2592 3447 2833 3507 levaba-

610 3552 728 3607 tur.
791 3544 1014 3605 Dicunt
1039 3554 1174 3604 eu‘m
1202 3543 1464 3622 ingratus
1492 3542 1522 3574 ³*
1552 3563 1673 3603 non
1703 3543 1815 3602 sibi
1842 3552 2086 3614 tantum,
2112 3542 2216 3602 sed
2241 3542 2390 3615 aliis,
2420 3550 2635 3621 praeter
2652 3541 2829 3622 patrii

604 3639 786 3703 moris
839 3641 1276 3702 observantiam
1330 3641 1719 3721 impertitum:
1766 3641 1976 3701 nimios
2025 3640 2138 3700 sibi
2190 3641 2441 3700 bonores
2495 3658 2824 3721 usurpasse,

608 3736 952 3799 continuum
1002 3740 1392 3812 consulatum,
1422 3751 1771 3818 perpetuam
1820 3740 2171 3799 dictaturam
2214 3757 2286 3797 ac
2329 3756 2662 3811 censuram,
2693 3758 2830 3817 cog·

605 3854 822 3927 nomen
849 3835 1209 3915 imperatoris
1256 3858 1327 3897 ac
1378 3839 1560 3915 patris
1602 3838 1828 3918 patriae,
1860 3859 1994 3917 quae
2043 3846 2180 3918 post
2225 3855 2358 3897 eum
2407 3836 2610 3897 multis
2656 3836 2824 3915 longe

672 4010 740 4057 29
771 4007 934 4072 Lege,
979 4009 1136 4058 aliter.
1138 4012 1270 4058 —30
1306 4010 1462 4073 Lege,
1496 4012 1725 4059 cem—³1
1764 4010 1941 4071 Forte,
1976 4010 2248 4059 m‘ceorioem:
2280 4009 2356 4059 aic
2392 4007 2578 4058 Cicero
2615 4022 2716 4071 pro
2750 4006 2826 4057 Μ.

610 4086 833 4137 Marcel.
835 4093 965 4138 -32
1000 4092 1162 4155 Lege,
1188 4089 1372 4141 lenita
1374 4093 1501 4140 -33
1535 4089 1760 4140 Videtur
1784 4089 2097 4153 addendum,
2120 4104 2231 4139 eece.
2235 4093 2363 4139 -84
2396 4088 2556 4152 Lege,
2593 4089 2826 4153 liquet.—

615 4170 680 4220 8⁶
712 4168 1425 4291 Lege‚prosectotmtu.-86
1456 4173 1745 4240 Lege,eoee.
1809 4169 2793 4237 ffirabuigeaearumrermmseie-fia.
