3117 5025
876 457 977 507 ns
1022 425 1205 507 virs
1250 456 1455 507 sunu
1502 456 1860 508 cAEsAms.
2291 442 2474 511 1827

262 620 319 683 in
345 620 566 702 scriptis
586 619 834 683 “reditu
889 628 910 656 ‘
938 629 1006 681 nt
1045 621 1246 682 Caesar
1271 618 1710 700 quamprimum
1736 619 1797 681 in
1828 620 2093 683 Galliam
2132 631 2475 696 revertatur,

264 719 691 800 amita-qne
716 717 1014 779 dimittat:
1059 733 1181 796 quo
1210 716 1373 777 facto
1392 716 1613 778 iturum
1634 717 1692 778 in
1719 716 2060 798 Hispaniam
2087 721 2477 800 Pompejum:

262 817 517 897 alioquin
572 815 715 878 nihil
767 816 844 877 de
897 815 1215 876 dilectibus
1256 814 1579 878 omissuros
1626 815 1902 876 consules
1955 815 2479 899 Pompeiumque?

266 915 468 995 iniqua
496 914 795 996 responsio
820 913 945 974 visa
974 924 1068 973 est
1104 912 1346 986 Caesari,
1390 912 1552 992 quod
1584 932 1646 974 se
1674 913 1870 974 facere
1888 914 2148 992 juberet,
2186 936 2323 977 cum
2352 917 2480 997 ipse

262 1013 401 1073 nihil
450 1013 563 1073 nisi
608 1011 947 1091 promittere
988 1031 1049 1071 se
1089 1008 1382 1071 facturum
1434 1010 1631 1082 venet,
1679 1030 1790 1071 nec
1831 1011 1989 1072 diem
2032 1013 2332 1093 promissis
2373 1033 2480 1095 ap-

262 1121 515 1190 poneret,
546 1130 738 1189 neque
764 1108 1069 1188 colloquio
1096 1117 1328 1189 tempus
1366 1109 1551 1180 daret,
1602 1127 1710 1171 nec
1739 1112 2111 1190 promitteret
2155 1131 2479 1187 accessum,

260 1227 371 1270 nec
396 1208 788 1288 permitteret:
832 1207 967 1268 hinc
993 1205 1255 1286 ”paucis
1284 1205 1617 1287 desperatio
1656 1216 1718 1269 et
1748 1208 1891 1270 beni
1929 1209 2304 1288 praeludium.
2385 1212 2481 1273 M.

266 1305 545 1367 Antonius
602 1325 738 1366 cum
789 1305 1051 1386 quinque
1101 1305 1448 1367 cohortibus
1494 1305 1834 1367 Auximium
1880 1308 2234 1387 praemissus.
2339 1308 2482 1369 Erat

266 1404 511 1465 Auximii
553 1403 820 1466 ”civitas
861 1402 939 1463 ad
985 1401 1313 1463 custodiam
1355 1402 1620 1464 ⁵'Actius
1661 1404 1869 1477 Varus,
1914 1423 2091 1484 quem
2140 1403 2482 1465 decuriones

268 1499 595 1562 Auximiani
625 1518 856 1561 summo
880 1501 1103 1560 adeunt
1142 1501 1435 1560 consensu
1462 1521 1483 1561 ε
1523 1499 1736 1562 dieunt
1791 1512 1810 1535 ‘
1839 1512 2047 1564 notum
2088 1500 2202 1562 sibi
2233 1502 2482 1563 Caesan's

266 1597 580 1660 adventum
604 1617 621 1659 ε
666 1617 861 1678 neque
888 1617 1027 1657 vero
1054 1596 1346 1678 propositi
1366 1598 1457 1657 sui
1483 1617 1614 1659 esse
1641 1617 2000 1679 suorumque
2028 1597 2263 1673 civium,
2292 1619 2484 1682 neque

264 1695 591 1758 Romanum
622 1698 1001 1756 ⁵²consonnm
1054 1693 1256 1768 videri,
1287 1695 1702 1776 imperatorem
1743 1698 1951 1777 populi
1989 1697 2262 1771 Romani,
2305 1696 2488 1759 talem

268 1793 445 1854 virum
490 1792 582 1853 sic
639 1792 715 1851 de
769 1790 1013 1871 imperio
1053 1793 1349 1866 meritum,
1392 1802 1485 1854 tot
1537 1793 1794 1855 victoriis
1834 1793 2139 1875 insignem,
2191 1794 2487 1856 rnoenibus

272 1891 422 1952 urbis
448 1891 662 1952 amicte
690 1889 915 1961 arcet-ig
960 1900 1131 1951 orant
1158 1900 1227 1952 ut
1264 1888 1495 1963 ³³fnme,
1522 1901 1597 1952 ut
1637 1910 1743 1951 suo
1785 1910 2141 1971 suorumque
2167 1891 2488 1956 discrimini

266 1989 401 2050 dum
426 2000 668 2069 tempus
684 1997 775 2048 est
794 1987 1115 2050 consulat?
1143 1990 1235 2050 bis
1262 1999 1568 2069 permotus
1599 1987 1792 2050 Varus
1817 1997 1882 2049 et
1907 1987 2222 2070 perniciem
2257 1989 2490 2062 timens,

266 2085 457 2166 fugam
481 2087 687 2166 arripit
709 2110 727 2159 ς
791 2095 853 2147 et
872 2085 1315 2166 insequentibus
1345 2087 1598 2149 Caesaris
1623 2083 1906 2149 militibus
1935 2087 2147 2167 proelio
2171 2086 2491 2149 decernere

271 2195 498 2245 coactus
529 2203 603 2245 ac
638 2183 905 2245 desertus
945 2204 985 2244 a
1011 2185 1151 2259 suis,
1196 2186 1357 2246 solus
1396 2185 1541 2260 abit,
1570 2187 1954 2267 ⁵‘quibusque
1994 2205 2197 2247 eornm
2225 2184 2490 2259 domum,

271 2280 432 2360 [184]
483 2281 618 2342 aliis
660 2279 736 2342 sd
775 2281 1065 2342 Caesarem
1108 2301 1172 2343 se
1199 2281 1678 2346 conserentibus:
1762 2303 1912 2364 quos
1953 2284 2082 2365 ipse
2122 2282 2488 2345 collaudatos

266 2378 505 2457 benigne
540 2379 828 2459 suscepit,
865 2388 926 2439 et
952 2378 1024 2442 L.
1057 2380 1355 2460 Puppium
1388 2380 1790 2442 centurionem
1819 2381 2000 2461 pertis
2026 2380 2291 2442 adversae
2319 2379 2394 2440 ad
2426 2399 2490 2441 se

270 2475 588 2539 adductum
629 2476 795 2538 illico
838 2475 1082 2539 relaxari
1124 2497 1200 2539 se
1254 2476 1471 2540 dimitti
1515 2478 1722 2559 jubet.
1804 2479 2144 2541 Auximium
2203 2479 2491 2559 ingressus

268 2575 480 2637 civibus
508 2576 727 2656 gratiss
752 2576 893 2656 agit,
934 2588 1114 2656 atque
1141 2574 1374 2638 illorum
1414 2597 1554 2657 erga
1588 2598 1721 2639 eum
1751 2576 2056 2638 charitatis
2087 2576 2245 2639 baud
2289 2577 2492 2638 imme-

270 2682 480 2736 more'ns
530 2695 601 2734 se
652 2673 915 2734 futurum
965 2674 1238 2753 spondet.
1322 2675 1557 2746 Quibus
1617 2676 1824 2735 Romae
1881 2675 2149 2755 cognitis,
2207 2678 2492 2737 ”tantum

270 2789 445 2849 pevor
469 2768 741 2833 omnium
765 2777 987 2831 mentes
1013 2771 1246 2843 invasi,
1276 2781 1340 2831 ut
1370 2772 1514 2832 urbe
1537 2771 1656 2833 fere
1683 2791 1887 2831 omnes
1916 2771 2303 2842 excederent3
2359 2771 2494 2850 ipsi·

274 2888 381 2949 qne
408 2869 704 2941 cursales,
730 2877 911 2948 atque
938 2868 1068 2947 ipse
1094 2868 1454 2949 Pompejus3
1494 2878 1692 2929 actum
1715 2869 1833 2928 suis
1859 2868 1935 2929 de
1964 2869 2137 2929 rebus
2163 2869 2493 2947 opinantes,

275 2977 331 3027 et
372 2988 441 3029 ex
473 2968 653 3028 unius
679 2967 843 3045 opidi
882 2975 1098 3027 eventu
1125 2965 1324 3027 omnia
1373 2965 1709 3038 metientes;
1760 2965 1970 3027 mirum
1998 2965 2187 3039 vaide,
2234 2964 2391 3026 unde
2433 2966 2494 3025 in

275 3073 384 3127 tam
412 3067 611 3145 parvis
635 3064 847 3125 animis
876 3073 999 3124 tam
1027 3082 1240 3145 magua
1264 3065 1564 3145 superbia,
1589 3075 1654 3126 ut
1681 3064 1810 3145 ejus
1835 3064 1941 3126 viri
1972 3065 2211 3127 meritos
2240 3064 2494 3125 bonores

276 3180 340 3222 se
388 3163 637 3243 gloriam
674 3174 798 3224 tam
841 3162 1223 3242 pertinaciter
1275 3161 1692 3236 detractarent,
1738 3163 1911 3242 cujus
1953 3183 2064 3224 nec
2108 3172 2495 3243 conspectum

276 3272 425 3322 certe
476 3281 555 3322 ne
618 3258 944 3321 ⁵⁶viciniam
988 3260 1114 3341 pati
1160 3271 1424 3341 possent,
1462 3272 1523 3322 et
1569 3261 1842 3341 patriam,
1892 3272 1955 3323 et
2010 3261 2184 3322 talem
2223 3259 2493 3340 petriam,

279 3357 453 3419 seium
493 3360 571 3419 ad
620 3358 779 3419 illins
802 3376 1019 3419 nomen
1047 3359 1358 3419 universali
1385 3359 1710 3419 animorum
1753 3358 2224 3420 consternatione
2262 3355 2497 3416 desere-

280 3466 425 3519 rent:
467 3456 575 3517 sed
610 3457 860 3535 urgebat
888 3457 1023 3517 hinc
1046 3456 1293 3529 invidia;
1350 3455 1486 3517 inde
1508 3465 1705 3517 sutem
1736 3455 1990 3518 terrebat
2017 3454 2174 3516 fama
2200 3452 2328 3526 viri,
2360 3468 2496 3532 quar

280 3568 529 3634 sonisque
550 3562 841 3626 creverat,
862 3563 928 3614 ut
952 3553 1430 3614 clementissimus
1456 3553 1738 3625 omnium,
1760 3571 1883 3632 prae
1911 3552 2182 3613 omnibus
2210 3561 2391 3631 atque
2417 3549 2496 3610 ab

283 3652 543 3713 omnibus
573 3652 902 3714 timeretur.
954 3651 1065 3712 His
1091 3650 1167 3711 ad
1191 3650 1491 3713 Auxinum
1522 3651 1729 3730 gestis:
1784 3650 2065 3713 Picenum
2092 3668 2287 3721 omne,
2320 3647 2496 3725 cnjus

283 3747 410 3809 etim
439 3750 750 3821 Eseulum,
794 3748 973 3810 bodie
1001 3751 1211 3810 Ancon
1240 3758 1333 3809 est
1349 3758 1554 3829 caput,
1588 3748 1750 3808 nulio
1778 3765 2028 3828 usquam
2050 3745 2497 3807 contradicente

284 3860 647 3927 peragatur.
708 3847 825 3908 Sed
854 3847 1078 3911 eunetis
1103 3846 1209 3906 sibi
1254 3845 1496 3906 urbibus
1525 3856 1706 3926 atque
1734 3844 1926 3923 opidis
1953 3843 2192 3903 obviam
2212 3838 2497 3902 mittenti·

290 3940 428 4018 bus;
473 3945 733 4025 Cingulo
760 3962 1020 4023 quoque,
1045 3944 1205 4024 quod
1234 3942 1481 4022 opidum
1509 3962 1619 4002 suo
1648 3951 1887 4020 sumptu
1917 3940 2211 4000 Labienus
2235 3948 2502 3998 extmxs-

287 4050 389 4113 rat,
436 4042 637 4121 iegati,
682 4042 940 4101 auctoris
987 4041 1373 4112 immemores,
1416 4040 1710 4101 Caesarem
1752 4038 2056 4110 adeuntes,
2107 4056 2167 4097 se
2211 4038 2498 4116 imperata

348 4222 411 4270 48
434 4221 597 4286 laege,
614 4219 956 4271 reddita—49
978 4220 1136 4284 Lege,
1154 4220 1433 4285 puch—5⁰
1456 4217 1990 4285 amoenitatis—51
2017 4215 2230 4277 Caesari,
2247 4214 2499 4266 Attius.—

292 4303 352 4348 5²
374 4302 640 4353 eoa-om
660 4300 871 4350 videtur
892 4300 1168 4351 delendum
1189 4306 1457 4352 essee-68
1482 4299 1946 4369 Lege‚sansoe.—54
1970 4298 2149 4364 Forte,
2165 4296 2500 4363 diquibusqtoe.

294 4386 412 4432 -66
438 4383 600 4453 Lege,
616 4387 934 4437 tentum—56
956 4383 1131 4448 Forte,
1151 4398 1234 4439 m
1253 4382 1495 4435 vicium.
