3117 5025
651 429 826 499 1¹7oe
1302 444 1365 498 ι.
1404 440 1618 494 causi
1665 439 2204 494 nouum-unu
2249 465 2264 476 ‚

646 597 957 660 obstabat:
1001 596 1082 659 sic
1112 596 1460 677 implicitum
1489 599 1692 659 hostes
1719 593 2022 678 premunt:⁴
2061 595 2306 657 aemulus
2333 589 2604 673 adjuvat,
2622 592 2856 674 fertque

652 695 740 756 illi
767 716 940 777 quem
969 696 1163 757 odisse
1193 705 1575 758 consueverat
1599 696 1913 757 auxilium:
1955 695 2012 754 in
2040 696 2218 765 bunc,
2247 692 2440 773 primo
2465 692 2700 765 omisso,
2730 701 2856 753 tota

653 792 814 854 acies
840 794 980 854 ruit:
1006 795 1153 872 -ipse
1182 794 1383 854 stricto
1411 793 1608 873 gladio
1636 812 1813 873 seque
1840 801 1902 851 et
1927 791 2091 851 illum
2119 800 2423 871 potegens,
2457 810 2574 850 uno
2602 788 2858 850 bostium

653 890 877 964 occiso,
903 910 1214 969 parumper
1250 891 1394 950 alios
1421 891 1831 952 submoverat:
1876 889 1980 949 sed
2029 888 2174 949 dum
2215 887 2516 949 ardentius
2545 887 2854 959 invehitur,

653 988 847 1050 eloco
874 989 1076 1048 altiore
1104 988 1348 1050 excidit:
1394 988 1494 1047 cui
1533 987 1844 1048 confestim
1893 987 2066 1046 Pullo
2111 986 2299 1059 affuit,
2350 996 2409 1047 et
2457 986 2720 1046 similiter
2748 986 2859 1046 cir-

655 1095 1033 1146 cumventum
1060 1105 1094 1145 e
1135 1086 1401 1146 manibus
1449 1084 1702 1145 hostium
1744 1083 2058 1163 expeditus
2105 1094 2164 1145 et
2211 1083 2441 1145 nudato
2476 1084 2605 1162 jam
2656 1083 2860 1162 gladio

654 1184 1003 1245 metuendus
1030 1184 1272 1263 eripuit:
1317 1183 1403 1243 sic
1449 1182 1613 1242 illaesi
1638 1182 1813 1242 ambo
1859 1182 1936 1242 ad
1987 1201 2126 1243 suos
2156 1181 2353 1243 multis
2383 1181 2638 1242 bostium
2666 1181 2860 1253 caesis,

653 1289 718 1341 et
743 1280 944 1342 adbuc
972 1280 1249 1360 ambigua
1288 1279 1390 1340 lite
1439 1278 1665 1347 virtutis
1708 1298 1966 1339 evasere.
2048 1280 2340 1340 Caeterum
2390 1289 2617 1358 quanto
2668 1278 2860 1339 indies

655 1373 860 1439 durior
884 1378 1138 1451 obsidio,
1169 1386 1230 1437 et
1274 1378 1610 1438 vulneribus
1654 1376 1924 1438 interiore
1969 1376 2174 1437 militia
2212 1375 2450 1449 afflicta,
2480 1376 2865 1438 decrescebat

654 1494 934 1538 numerus
989 1473 1386 1546 defensorum,
1445 1482 1624 1554 atque
1678 1473 1934 1534 bostium
1999 1473 2352 1553 augebatur:
2419 1467 2588 1534 tanlo
2645 1474 2862 1535 Cicero

652 1573 938 1636 attentius
967 1572 1288 1651 cogitabat,
1318 1570 1393 1632 de
1421 1582 1577 1632 statu
1608 1592 1796 1633 rerum
1825 1572 2062 1632 nuntios
2103 1572 2177 1632 ad
2210 1573 2502 1634 Caesarem
2541 1571 2859 1642 destinare,

654 1689 911 1749 quorum
939 1669 1121 1749 aliqui
1149 1669 1209 1728 in
1239 1669 1492 1732 bostium
1520 1690 1729 1732 manus
1756 1670 1922 1750 lapsi,
1947 1679 2008 1729 et
2035 1670 2143 1730 sub
2172 1670 2358 1730 oculis
2387 1689 2621 1729 suorum
2652 1668 2865 1729 crude-

654 1766 813 1828 libus
842 1767 1269 1847 ³⁷supplicibus
1293 1767 1603 1840 interfecti,
1644 1767 1900 1847 reliquos
1929 1767 2135 1826 merito
2164 1776 2380 1827 terrore
2407 1767 2864 1846 compleverant.

658 1865 938 1925 Inventus
964 1874 1056 1926 est
1082 1865 1321 1926 tandem
1352 1886 1552 1927 servus
1583 1886 1732 1927 unus
1758 1886 1792 1926 e
1834 1865 2053 1936 Gallia,
2102 1864 2205 1943 qui
2253 1864 2528 1925 libertate
2551 1873 2613 1928 et
2639 1864 2863 1944 magnis

658 1963 918 2041 proemiis
966 1964 1283 2043 promissis,
1326 1963 1523 2024 literas
1565 1963 1773 2042 jaculo
1819 1961 2086 2032 insertas,
2137 1960 2348 2022 Gallus
2393 1980 2514 2021 non
2560 1971 2865 2040 suspectus

660 2059 868 2135 Gallis,
895 2060 970 2120 ad
1002 2062 1297 2121 Caesarem
1323 2060 1554 2122 detulit.
1638 2060 1758 2130 Qui
1790 2069 1853 2120 ut
1892 2069 2059 2119 erant
2083 2059 2261 2119 rebus
2289 2059 2565 2138 cognitis,
2607 2059 2866 2138 legiones

660 2155 776 2217 sibi
797 2176 1001 2218 omnes
1023 2156 1421 2236 expectandus
1448 2177 1567 2217 non
1596 2158 1944 2230 existimans,
1975 2177 2048 2218 ne
2077 2176 2236 2217 mora
2265 2157 2588 2237 periculum
2618 2156 2869 2217 allatura

660 2263 839 2326 esset,
867 2255 1126 2314 evocatis
1151 2254 1452 2333 proximis,
1481 2255 1663 2315 satius
1692 2252 1892 2314 ³⁸dixit
1917 2254 2040 2316 cito
2078 2274 2215 2315 cum
2246 2254 2468 2332 paucis,
2497 2272 2674 2333 quam
2702 2251 2868 2314 tarde

664 2370 802 2412 cum
852 2351 1053 2412 multis
1106 2350 1422 2431 proficisci.
1541 2353 1960 2413 Convenerunt
2014 2352 2116 2432 qui
2171 2352 2369 2413 vocati
2420 2361 2586 2412 erant
2640 2370 2865 2412 omnes.

665 2447 933 2509 Labieno
951 2448 1284 2528 scripserat,
1318 2458 1385 2510 ut
1410 2449 1459 2510 si
1484 2450 1824 2530 reipublicae
1852 2450 2168 2511 commodo
2198 2458 2401 2530 posset
2427 2449 2502 2509 ad
2534 2469 2595 2509 se
2623 2449 2865 2509 veniret.

665 2546 777 2608 Ille
801 2547 1111 2627 rescripsit,
1135 2548 1378 2627 legionis
1408 2556 1470 2607 et
1497 2548 1822 2627 legatorum
1852 2548 2019 2609 caede
2047 2547 2309 2607 sublatos
2337 2548 2561 2609 animos
2588 2546 2864 2617 bostium,

584 2674 591 2683 ·
662 2651 727 2705 et
769 2665 1001 2705 omnem
1048 2652 1402 2724 potestatem
1431 2645 1813 2705 Trevirorum
1854 2645 1928 2705 ad
1977 2645 2086 2705 tria
2117 2644 2277 2708 milia
2301 2660 2578 2722 passuum
2607 2646 2665 2704 in
2692 2644 2867 2705 armis

665 2761 818 2804 esse:
864 2742 912 2801 si
940 2742 1207 2803 discedat
1234 2743 1353 2804 hoc
1380 2743 1439 2802 in
1469 2751 1648 2815 statu,
1680 2761 1800 2802 non
1840 2741 2286 2821 profectionem,
2311 2741 2413 2802 sed
2442 2742 2640 2831 fugam
2667 2742 2867 2821 potius

644 2839 856 2903 ‚visum
884 2841 983 2911 iri3
1030 2860 1138 2900 nec
1181 2849 1463 2920 praeterea
1511 2859 1686 2900 suum
1726 2839 1840 2900 iter
1887 2857 2093 2899 vacare
2126 2838 2410 2918 periculo.
2462 2838 2596 2918 [98]
2664 2840 2870 2901 Caesar

664 2939 940 3017 quamvis
984 2937 1062 2997 ad
1098 2957 1329 3017 pancos
1374 2937 1668 3009 redactus,
1715 2937 1892 3016 legati
1929 2937 2118 2996 ‘³⁹tum
2146 2936 2454 2997 consilium
2484 2937 2865 3015 approbavit:

666 3033 932 3114 dumque
958 3034 1036 3095 ad
1067 3034 1261 3098 hostes
1292 3044 1586 3115 properat,
1630 3036 1686 3095 in
1715 3035 1919 3096 itinere
1946 3034 2191 3107 audivit,
2242 3043 2464 3113 quanto
2509 3033 2663 3113 apud
2697 3034 2870 3095 Cice·

668 3151 868 3192 ronem
915 3132 975 3190 in
1032 3130 1362 3192 discrimine
1415 3152 1506 3191 res
1562 3142 1774 3193 essent.
1856 3133 2019 3193 Illius
2074 3152 2214 3213 ergo
2265 3131 2575 3203 sollicitus,
2625 3131 2868 3192 Gallum
2991 3118 2996 3123 ’

670 3229 927 3308 equitem
984 3227 1279 3306 quendam
1336 3227 1635 3308 promissis
1687 3228 2021 3307 ingentibus
2067 3229 2316 3307 impellit
2365 3227 2552 3289 ⁴0lites
2601 3248 2735 3288 suas
2789 3228 2865 3289 ad

671 3325 1018 3387 Ciceronem
1046 3324 1217 3397 serat,
1245 3335 1306 3385 et
1333 3325 1382 3385 si
1424 3334 1624 3385 castra
1647 3325 1872 3404 ingredi
1897 3335 2153 3405 nequeat
2175 3324 2448 3405 alligatas
2486 3325 2691 3405 jaculo
2713 3325 2871 3386 intra

648 3422 889 3491 „vallum
907 3423 1122 3501 jaciat:
1166 3431 1329 3503 paret
1377 3422 1504 3494 illeg
1547 3430 1610 3482 et
1636 3420 1715 3481 ad
1759 3430 1951 3482 castra
1979 3441 2116 3482 cum
2142 3422 2409 3493 venisset,
2440 3422 2726 3483 accedere
2751 3414 2872 3484 me-

672 3530 871 3592 tuens,
912 3530 977 3580 ut
1016 3522 1223 3599 jussus
1268 3528 1395 3580 erat
1439 3519 1658 3580 litteras
1701 3519 2019 3597 jaculatur.
2102 3519 2227 3580 lllae
2274 3539 2418 3581 casu
2443 3512 2764 3599 'quandam
2809 3519 2871 3579 in

650 3617 877 3679 .turrim
904 3617 1271 3689 incideruut;
1314 3635 1505 3696 neque
1532 3636 1571 3675 a
1597 3634 1894 3695 quoquam
1921 3624 2056 3676 aute
2080 3616 2234 3677 diem
2265 3618 2500 3679 tertium
2527 3617 2666 3676 visae
2694 3627 2869 3690 sunt;

648 3725 816 3777 .tunc
858 3720 1203 3795 conspectae‘
1243 3733 1281 3774 a
1319 3713 1580 3793 quodam
1627 3712 1809 3774 milite
1851 3713 2258 3787 detrahuntur,
2304 3725 2368 3775 et
2410 3715 2488 3775 ad
2536 3713 2732 3790 ipsum
2774 3713 2871 3774 cui

654 3811 973 3894 ,inscriptae
1036 3822 1202 3888 erant
1253 3812 1599 3874 Ciceronem
1656 3811 1920 3892 perlatae,
1973 3823 2152 3892 atque
2206 3812 2264 3871 in
2322 3811 2573 3875 concilio
2625 3810 2872 3871 militum

654 3910 937 3971 ‚recitatae
964 3930 1177 3990 magna
1215 3929 1417 3971 omnes
1458 3908 1681 3970 fiducia
1722 3920 1787 3971 et
1821 3909 2041 3991 gaudio
2087 3909 2408 3989 replevere.
2491 3911 2631 3969 Erat
2677 3917 2873 3968 autern

675 4007 979 4087 perbrevis
1025 4008 1298 4086 epistola,
1348 4028 1422 4069 ne
1467 4028 1504 4068 a
1549 4008 1812 4070 barbaris
1851 4020 2051 4088 posset
2096 4006 2363 4085 intelligi,
2401 4006 2620 4084 scripta
2666 4005 2871 4066 litteris
2999 4037 3004 4041 ·

675 4104 907 4165 Graecis
937 4103 1051 4187 bac
1093 4105 1402 4207 sententia.
1487 4109 1659 4186 ‘Ego
1703 4107 1835 4186 jam
1889 4125 2026 4169 cum
2083 4104 2411 4182 legionibus
2466 4104 2578 4164 iter
2628 4102 2872 4182 arripui:

740 4288 809 4374 εἰ
839 4325 1001 4394 Lege,
1019 4326 1410 4393 amiciis-88
1442 4330 1606 4397 Lege,
1626 4328 1918 4382 ‹insin-8⁹
1949 4329 2111 4394 Lege,
2130 4329 2434 4379 tannem-4⁰
2465 4324 2642 4390 Forte,
2658 4301 2844 4375 mm.
