3117 5025
573 415 747 487 1708
1214 429 1273 490 J.
1321 430 1532 480 cusi
1583 409 2117 480 boMMR‘N‘rARu
2147 409 2160 450 “·

570 585 777 648 oculos
824 584 1061 657 habere,
1113 603 1459 664 semperque
1514 583 1840 644 cervicibus
1887 567 2324 662 impendentem
2372 580 2647 642 credere:
2690 577 2770 641 ob

571 703 823 764 eamque
870 702 1023 742 nunc
1073 700 1313 742 causam
1364 684 1596 744 cunctis
1647 682 2101 743 lamentantibus
2157 681 2315 740 solos
2370 678 2774 739 obmutuisse!

569 779 884 841 Miseratus
914 781 1111 840 Caesar
1134 779 1485 840 miserrimos
1507 779 1833 842 Galliarum
1862 788 2076 839 stratos
2104 777 2324 837 animos
2351 775 2554 836 leviter
2580 774 2774 851 erigit,

568 878 914 954 promittens
941 898 1002 937 se
1030 877 1105 937 de
1134 877 1362 937 illorum
1391 877 1817 937 calamitatibus
1844 886 2208 936 curaturum:
2256 881 2315 932 et
2344 891 2573 951 sperare
2604 870 2775 929 Ario-

568 972 802 1046 vistum,
833 976 965 1034 binc
995 976 1243 1034 Romani
1271 974 1517 1034 nominis
1566 974 1895 1053 majestate,
1936 972 2071 1032 binc
2116 969 2356 1051 privatis
2401 969 2519 1028 suis
2549 968 2608 1026 in
2637 983 2771 1027 eum

572 1070 792 1130 meritis
819 1082 1028 1149 sponte
1058 1081 1516 1150 temperaturum
1545 1070 1625 1129 ab
1647 1069 1891 1147 injuriis.
1953 1070 2162 1129 Soluto
2188 1067 2460 1138 concilio,
2486 1078 2546 1126 et
2571 1065 2774 1143 legatis

571 1166 816 1225 reversis
844 1166 918 1226 ad
969 1168 1228 1245 propria,
1270 1167 1561 1226 Caesarem
1609 1185 1786 1244 super
1832 1166 2046 1227 auditis
2089 1165 2370 1226 attentius
2395 1163 2773 1242 cogitantem,

570 1263 755 1324 multa
773 1262 1011 1344 quidem
1032 1265 1107 1325 ad
1132 1262 1572 1341 suscipiendum
1595 1263 1934 1324 miserorum
1956 1263 2345 1343 patrocinium
2365 1260 2771 1340 impellebant:
2883 1332 2892 1342 ¹

573 1360 676 1420 sed
731 1360 990 1440 inprimis
1040 1359 1432 1422 consideratio
1482 1359 1805 1430 Eduorum‚
1835 1379 1983 1438 quos
2010 1380 2130 1419 non
2159 1359 2382 1420 amicos
2423 1356 2623 1427 modo,
2667 1354 2770 1415 sed

572 1458 1031 1538 consanguineos
1079 1467 1141 1518 et
1188 1458 1394 1517 fratres
1435 1476 1471 1516 a
1511 1465 1715 1517 senatu
1760 1456 1969 1516 totiens
2015 1455 2339 1535 appellatos
2383 1455 2495 1514 sub
2542 1452 2774 1514 servitio

572 1556 1006 1616 Germanorum
1034 1575 1269 1616 cernere
1298 1563 1358 1615 et
1383 1555 1492 1615 sibi
1534 1564 1595 1616 et
1622 1554 1844 1634 populo
1873 1556 2142 1614 Romano
2168 1552 2773 1632 ignominiosissimum

570 1652 909 1714 extimabat.
992 1654 1339 1729 Accedebat
1363 1653 1460 1712 illa
1488 1672 1727 1731 quoque
1757 1653 2057 1731 cogitatio,
2081 1651 2244 1731 quod
2274 1653 2601 1711 Germanos
2643 1666 2777 1726 pas·

575 1748 682 1809 sim
710 1769 781 1810 ac
803 1760 1019 1812 temere
1048 1750 1107 1811 iu
1130 1751 1356 1811 Gallias
1377 1751 1623 1824 effundi,
1657 1771 1774 1811 nou
1805 1751 1986 1810 modo
2008 1771 2144 1811 cum
2167 1749 2475 1810 Gallorum
2497 1745 2775 1826 pernicie,

572 1846 677 1907 sed
707 1866 823 1907 non
870 1847 995 1910 sine
1041 1849 1301 1928 periculo
1333 1849 1584 1909 Romani
1632 1848 1857 1927 imperii
1886 1847 2226 1908 videbatur:
2274 1867 2410 1906 cum
2456 1842 2776 1924 praesertim

570 1944 895 2006 Ariovistus
949 1955 1011 2006 et
1064 1955 1271 2007 natura
1323 1944 1655 2027 ⁹⁶superbet
1698 1957 1758 2006 et
1804 1947 2181 2007 successibus
2225 1946 2437 2005 timens
2484 1957 2777 2021 supraque

575 2039 873 2101 hominem
913 2043 1099 2102 elatus
1147 2042 1291 2103 nibil
1340 2062 1456 2101 non
1506 2062 1755 2102 ausurus
1797 2052 2128 2121 appareret.
2209 2041 2441 2110 Quibus
2465 2059 2539 2098 ex
2586 2038 2777 2098 causis

576 2138 765 2198 visum
792 2150 880 2199 est
907 2139 1072 2201 factu
1100 2140 1387 2219 optimum
1436 2141 1657 2218 legatos
1702 2139 1778 2198 ad
1801 2179 1806 2186 ·
1828 2160 1961 2200 eum
1991 2140 2241 2211 mittere,
2293 2138 2396 2217 qui
2423 2137 2777 2204 nuntiarent,

572 2235 791 2295 babere
836 2257 1036 2297 secum
1063 2239 1355 2299 Caesarem
1401 2237 1860 2316 de‚reipublicae
1905 2247 2063 2298 statu
2106 2238 2449 2315 magnisque
2489 2235 2564 2295 de
2601 2234 2780 2294 rebus

580 2332 868 2411 colloqui:
912 2334 1029 2395 loci
1075 2334 1151 2393 ad
1202 2334 1257 2393 id
1289 2353 1360 2392 ac
1390 2335 1664 2413 temporis
1694 2335 1970 2414 oportuni
2018 2335 2364 2395 ’⁷electioue
2413 2334 2564 2412 regis
2612 2348 2775 2391 esse:

576 2431 716 2491 huic
743 2443 862 2492 tam
892 2432 1173 2492 modestae
1194 2430 1467 2509 legationi
1491 2431 2005 2492 insolentissimum
2027 2433 2123 2493 ille
2142 2421 2480 2511 responsum
2503 2428 2778 2492 reddidit.

575 2536 596 2563 ‘
619 2530 698 2589 Et
726 2529 874 2607 quis’
902 2528 1089 2607 inquit
1119 2537 1138 2563 ‘
1160 2537 1251 2588 est
1273 2528 1492 2599 Caesar,
1522 2539 1626 2587 aut
1654 2529 1798 2607 quid
1831 2530 1973 2592 mihi
2003 2549 2316 2590 commuue
2345 2547 2480 2588 cum
2508 2528 2780 2588 Caesare'i

573 2643 685 2703 ego
732 2626 781 2685 si
831 2626 1080 2686 Gaesaris
1127 2644 1356 2704 egerem
1401 2623 1477 2685 ad
1520 2645 1655 2685 eum
1686 2627 1968 2686 venirem:
2013 2626 2135 2704 ipse
2178 2626 2227 2685 si
2269 2625 2380 2685 mei
2408 2632 2538 2703 eget
2566 2624 2641 2684 ad
2667 2642 2778 2681 ,ωε

578 2722 789 2782 veniat.
861 2722 1149 2802 Equidem
1178 2723 1234 2782 in
1258 2722 1686 2803 possessionem
1718 2724 1963 2783 Caesaris
1991 2742 2186 2804 neque
2231 2723 2441 2803 pedem
2486 2721 2784 2801 positurus

578 2819 701 2880 siue
730 2821 1009 2897 exercitu,
1038 2840 1229 2900 neque
1256 2821 1573 2881 exercitum
1602 2831 1675 2881 eo
1702 2821 1872 2881 facile
1897 2821 2295 2900 perducturus
2315 2839 2464 2881 sum.
2529 2816 2782 2879 Proinde

575 2916 766 2979 fateor
795 2940 889 2979 me
916 2919 1130 2989 mirari,
1164 2918 1308 2998 quid
1356 2918 1432 2978 ad
1481 2920 1774 2979 Caesarem
1814 2928 2017 2978 nostra
2056 2918 2390 2979 Germania.
2471 2914 2783 2994 Numquid

576 3034 686 3092 ego
716 3017 892 3075 rebus
921 3037 1013 3075 me
1042 3016 1320 3076 Romanis
1347 3015 1690 3076 immisceo'l
1732 3025 1838 3075 aut
1871 3034 2008 3095 quae
2055 3034 2233 3075 causa
2279 3015 2340 3073 in
2387 3012 2535 3074 fines
2563 3011 2785 3071 Gallia·

578 3128 728 3181 rum,
776 3112 910 3189 [32]
952 3131 1098 3189 quas
1144 3111 1283 3170 mibi
1324 3111 1464 3171 belli
1495 3112 1634 3189 jure
1663 3113 1943 3190 quaesitas
1974 3111 2208 3184 scirent,
2254 3112 2544 3171 Caesarem
2573 3115 2634 3168 et
2662 3108 2784 3167 Ro·

578 3225 751 3267 mana
780 3207 941 3285 signa
969 3206 1355 3285 pertraxerit-⁹
1434 3208 1571 3267 Hoc
1599 3227 1880 3286 responso
1926 3218 2173 3287 accepto
2213 3208 2413 3270 Caesar
2453 3208 2678 3286 legatos
2704 3204 2784 3265 ad

579 3302 833 3364 eundem
880 3305 1142 3375 remittit,
1199 3305 1303 3383 qui
1351 3306 1479 3365 haec
1534 3305 1803 3368 referant.
1889 3307 2180 3376 ‘Quando
2231 3304 2354 3384 ipse
2403 3314 2463 3364 et
2508 3302 2783 3383 privatim

580 3400 850 3472 Caesaris,
877 3410 941 3461 et
968 3401 1209 3480 publice
1247 3404 1489 3463 Senatus
1530 3413 1595 3462 et
1618 3404 1821 3482 populi
1854 3403 2103 3463 Romani
2131 3399 2549 3463 beneficiorum
2583 3399 2788 3459 imme-

580 3516 734 3570 mor,
763 3498 908 3558 nibil
938 3500 1046 3560 sibi
1074 3519 1209 3558 cum
1230 3499 1340 3560 illis
1358 3500 1635 3580 judicans
1662 3519 1997 3572 commune,
2016 3519 2149 3559 cum
2173 3508 2369 3558 tamen
2390 3498 2543 3556 inter
2562 3496 2787 3555 amicos

581 3604 801 3656 cuncta
827 3595 1054 3657 soleant
1078 3616 1201 3656 esse
1230 3597 1585 3666 communia,
1616 3605 1737 3656 tam
1767 3596 2019 3674 superbe
2049 3596 2298 3655 Romani
2335 3591 2700 3672 imperatoris
2725 3602 2789 3653 et

583 3691 759 3751 amici
786 3691 875 3753 sui
903 3692 1259 3770 colloquium
1308 3702 1635 3763 recusaret:
1680 3711 1742 3751 se
1787 3692 1949 3771 quod
1987 3692 2099 3753 sibi
2146 3691 2411 3752 dicturus
2439 3690 2631 3748 fuerat
2655 3688 2789 3749 baec

578 3789 891 3850 mandare:
936 3791 1027 3851 Ne
1045 3790 1269 3851 scilicet
1296 3790 1474 3849 ullam
1491 3791 1916 3850 Germanorum
1944 3810 2156 3850 novam
2183 3806 2424 3849 manum
2451 3783 2792 3846 transferret

584 3883 645 3945 in
674 3886 931 3947 Gallias:
979 3888 1161 3947 Eduis
1206 3887 1408 3949 amicis
1455 3888 1660 3966 populi
1707 3888 1956 3965 Romani
1996 3906 2318 3965 eorumque
2344 3883 2520 3944 sociis
2547 3881 2790 3943 obsides

585 3983 933 4056 restitueret,
965 3983 1119 4045 bello
1168 3987 1553 4065 imposterum
1598 3995 1776 4067 atque
1819 3985 2044 4066 injuriis
2085 3988 2467 4045 ⁹⁸temeraret.
2549 3981 2614 4040 Si
2660 3979 2790 4047 bato

653 4219 719 4266 96
751 4217 911 4283 Lege,
948 4217 1170 4284 anper-bus
1206 4225 1262 4270 et·
1292 4220 1575 4274 successibus
1613 4223 1941 4272 tame-9⁷
1975 4218 2138 4285 Lege,
2182 4214 2596 4269 electionem-98
2629 4210 2794 4281 Lege,

587 4304 888 4364 temperaret.
1158 4302 1163 4313 '
