3117 5025
452 869 921 947 HENRICI
978 871 1582 949 DODWELLI
1632 870 2346 996 DISSERTATIQ

285 1058 385 1111 DE
418 1060 767 1115 AUCTORE
832 1063 973 1114 ΠΒ.
1003 1064 1163 1114 vm.
1210 1065 1308 1115 ΒΕ
1350 1065 1595 1116 BELLO
1651 1065 1859 1117 GALL.
1887 1066 1982 1116 m·
2020 1064 2232 1115 ALEx.
2275 1059 2508 1112 Arme.

1110 1163 1353 1217 ATQUE
1398 1164 1699 1217 HISPAN.

534 1594 772 1659 Auctor
820 1598 1084 1680 Prologs‘
1129 1599 1214 1662 ad
1259 1599 1476 1661 librum
1518 1600 1592 1662 de
1637 1598 1784 1659 bello
1834 1597 2068 1661 Gallico
2111 1614 2271 1659 vm.

675 1694 926 1757 Hirtius
940 1698 1361 1780 potimsm‘ue
1387 1697 1622 1759 videtur
1647 1716 1819 1778 quam
1854 1697 2109 1776 Oppius.

294 1855 382 1932 Sl
456 1871 699 1951 quidem
774 1882 933 1934 recte
1002 1874 1219 1936 babeat
1271 1876 1438 1936 locus
1515 1873 1801 1945 Suetonii,
1850 1873 1978 1951 jam
2034 1882 2158 1933 tum
2215 1871 2517 1932 extiterint

286 1978 527 2045 oportet
572 1969 706 2029 libri
762 1990 983 2045 omnes,
1039 1993 1187 2051 quos
1241 1974 1555 2053 pollicetur
1609 1982 1819 2033 auctor
1876 1971 2108 2050 Prologi
2162 1969 2238 2030 ad
2297 1970 2511 2030 librum

289 2063 435 2123 belli
476 2066 700 2125 Gallici
752 2083 909 2129 vlu.
962 2068 1225 2129 nondum
1274 2078 1495 2143 autem,
1548 2078 1616 2128 ut
1641 2068 1897 2141 videtur,
1949 2069 2062 2129 sub
2111 2068 2347 2128 nomine
2375 2065 2518 2128 Julii

290 2161 471 2235 celsi,
519 2163 624 2223 sed
658 2164 846 2245 Oppii
873 2165 1161 2227 duntaxat
1186 2177 1247 2228 et
1299 2168 1506 2227 Hirtii:
1550 2177 1836 2246 erantque
1881 2186 2019 2226 sane
2046 2166 2222 2225 ambo
2268 2165 2348 2225 illi
2390 2166 2521 2226 Cae-

292 2258 408 2318 sari
438 2260 581 2321 satis
608 2260 945 2325 familiares.
1029 2267 1154 2326 Cur
1180 2276 1376 2327 autem
1423 2264 1626 2345 Oppio
1654 2265 2064 2336 tribuerentur,
2110 2283 2241 2323 eam
2281 2281 2519 2324 causam

294 2356 438 2416 satis
468 2358 837 2421 verisimilem
882 2361 1024 2421 mihi
1053 2362 1248 2423 videre
1286 2362 1506 2436 videor,
1554 2361 1716 2441 quod
1750 2370 1961 2421 auctor
1987 2362 2107 2434 ille,
2160 2361 2520 2442 quicumque

293 2453 535 2516 demmn
564 2455 613 2516 is
646 2456 843 2532 fuerit,
886 2460 1078 2521 Balbo
1123 2462 1435 2542 prologum
1479 2480 1650 2522 suum
1681 2459 2063 2540 inscripserit.
2147 2460 2330 2520 Erant
2365 2457 2520 2518 enim

294 2571 433 2613 nne
480 2553 724 2634 Oppius
770 2566 950 2637 atque
994 2559 1214 2619 Balbus
1263 2560 1698 2621 necessitudine
1727 2558 1946 2638 aliqua,
1996 2577 2175 2637 quam
2207 2556 2521 2628 nescimus,

295 2660 363 2711 nt
406 2651 666 2726 videtur,
728 2653 983 2717 invicem
1027 2657 1538 2736 conjunctissimi:
1602 2658 1752 2718 forte
1801 2655 1980 2716 officii
2024 2655 2276 2734 alicujus
2320 2672 2522 2723 causa,

296 2747 608 2828 utrimque
659 2769 819 2810 curae
868 2771 906 2811 a
949 2754 1185 2814 Caesare
1232 2754 1458 2815 crediti.
1544 2755 1723 2815 Certe
1771 2752 2005 2830 utrique
2035 2751 2347 2830 inscriptas
2374 2762 2522 2810 non-⁶

296 2843 489 2905 nullas
515 2847 798 2926 epistolas
836 2848 1089 2910 Caesaris
1132 2850 1418 2913 babemus
1461 2850 1762 2930 hodieque
1811 2850 1872 2910 in
1912 2849 2061 2908 libro
2102 2847 2401 2909 Ciceronis
2444 2845 2520 2906 ad

298 2942 562 3002 Atticum
609 2958 709 3005 lx.
807 2945 886 3005 Et
925 2944 1103 3008 libros
1146 2947 1325 3008 fuisse
1371 2947 1748 3027 epistolarum
1795 2946 1870 3007 ad
1930 2954 2271 3025 utrumque,
2348 2943 2526 3004 docet

297 3039 526 3101 Gellius
556 3040 599 3102 l.
630 3056 810 3102 xvn.
860 3044 1040 3105 Noct.
1069 3046 1259 3106 Attic.
1308 3066 1363 3107 c.
1392 3055 1453 3119 9.
1502 3047 1603 3125 qui
1652 3044 1935 3106 rationem
1985 3042 2172 3115 addit,
2227 3041 2389 3121 quod
2433 3060 2524 3102 res

298 3137 427 3215 ejus
453 3138 723 3200 absentis
746 3151 1043 3202 curarent.
1126 3142 1353 3203 Literas
1398 3162 1650 3214 curasse,
1701 3141 1882 3202 docet
1925 3139 2137 3208 Cicero
2184 3138 2262 3200 ad
2310 3138 2526 3210 Quint.

302 3234 375 3295 fr.
403 3254 506 3315 ep.
543 3246 598 3298 1.
682 3237 761 3298 Se
795 3248 992 3299 autem
1041 3239 1197 3300 bello
1241 3239 1640 3300 Alexandrino
1690 3249 1869 3318 atque
1914 3237 2196 3299 Africano
2242 3234 2525 3308 abfuisse,

301 3331 515 3394 lubens
563 3334 833 3412 agnoscit
878 3335 1114 3416 Prologi
1154 3347 1385 3398 auctor.
1470 3336 1595 3399 Sed
1640 3336 1912 3398 absentia
1958 3336 2057 3395 illa
2104 3334 2355 3396 Ctesaris
2400 3342 2530 3394 erat

296 3432 355 3492 in
382 3430 612 3505 Gallia,
655 3433 703 3492 si
750 3431 984 3513 quidem
1027 3453 1100 3494 ex
1128 3435 1392 3514 epistolis
1439 3454 1476 3495 a
1518 3434 1807 3495 Cicerone
1837 3432 2201 3494 conservatis
2247 3432 2426 3494 liceat
2453 3430 2527 3492 (le

300 3529 541 3608 reliquis
572 3531 860 3609 augurari.
946 3532 1234 3612 Spectant
1275 3533 1428 3594 enim
1460 3533 1578 3593 illae
1605 3531 1683 3593 ad
1733 3532 1921 3612 prima
1949 3529 2089 3590 belli
2129 3528 2315 3589 civilis
2343 3529 2527 3589 initia.

302 3627 389 3688 Ex
417 3627 515 3689 his
544 3627 727 3707 igitur
766 3628 1026 3707 epistolis
1057 3630 1131 3691 ad
1177 3631 1442 3712 Oppium
1473 3630 1625 3692 datis
1668 3650 1858 3691 rerum
1889 3637 2183 3708 gestarum
2217 3625 2528 3686 memorias

301 3725 575 3806 accipere
592 3723 810 3804 potuit,
840 3726 889 3785 si
916 3726 1049 3806 quis
1085 3728 1291 3807 junior
1316 3730 1503 3810 Oppii
1542 3728 1776 3790 nomine
1817 3728 2000 3788 libros
2050 3722 2353 3784 edidisset.
2434 3724 2530 3784 Ita

304 3822 425 3896 fiet,
471 3830 542 3883 ut
587 3821 717 3902 pari
756 3820 877 3882 fide
904 3822 1100 3903 dignae
1130 3826 1245 3888 sint
1292 3848 1482 3888 rerum
1515 3836 1808 3907 gestarum
1851 3822 2231 3895 narrationes,
2272 3840 2375 3881 seu
2421 3819 2529 3881 hos

301 3918 485 3980 libros
511 3918 640 3999 ipse
666 3921 918 3982 exararit
938 3924 1195 4004 Oppius,
1227 3945 1328 3985 seu
1362 3925 1569 4004 junior
1597 3924 1804 4004 Oppio
1831 3921 2124 4002 quispiam
2165 3918 2469 3998 collegerit
2497 3937 2533 3979 e

304 4016 557 4078 Cauris
583 4016 868 4096 epistolis,
898 4019 1104 4099 Oppio
1149 4021 1444 4103 inscriptis
1482 4030 1664 4101 atque
1694 4020 1902 4082 Balbo.
1982 4018 2157 4078 Certe
2185 4016 2394 4095 Oppio
2443 4034 2534 4077 res

307 4112 555 4173 Caesaris
584 4113 762 4174 etiam
789 4133 1033 4177 arcanas
1060 4117 1241 4179 fuisse
1268 4119 1781 4200 exploratissimas,
1809 4138 1883 4178 ex
1917 4135 1991 4176 eo
2016 4114 2170 4197 libro
2213 4112 2532 4194 colligitur,

310 4228 483 4288 quem
512 4210 837 4291 scripsisse
864 4221 1110 4276 testatur
1153 4216 1423 4296 Oppium
1472 4215 1789 4278 Suetonius
1836 4217 1871 4277 J
1877 4213 1959 4273 ul.
1989 4230 2125 4291 cap.
2157 4220 2260 4274 52.
2288 4220 2355 4271 ut
2393 4230 2534 4290 pro·

309 4303 472 4369 buret
518 4326 641 4369 non
683 4305 860 4371 fuisse
900 4310 1150 4376 Caesaris
1186 4311 1395 4392 filium,
1449 4333 1631 4397 quem
1668 4308 1884 4375 dixerit
1929 4310 2266 4390 Cleopatra,
2313 4326 2528 4389 nempe
